3172 5264
691 210 887 266 ...5*

203 404 316 480 palus
341 403 422 463 aliud
445 405 544 480 priore
567 405 682 479 syllaba
705 406 806 481 longa,
821 404 902 464 aliud
926 406 1062 481 sequenti
1079 406 1226 482 significat
1250 418 1278 464 et
1302 426 1369 464 cum

203 511 309 570 eadem
333 511 430 570 littera
454 513 640 571 nominativo
664 534 734 573 casu
769 514 876 580 brevis,
902 515 1032 572 ablativo
1069 517 1159 590 longa
1195 525 1247 582 est,
1274 526 1369 573 utrum

203 636 372 693 sequamur,
398 620 572 696 plenrmque
597 621 652 678 hac
676 631 748 679 nota
768 621 911 679 monendi
929 640 1057 678 sunnis«
1097 624 1196 696 Atque
1212 621 1369 679 Terentius

203 727 338 796 Scaurus,
365 737 395 784 ut
421 726 535 785 Gellius
559 727 640 794 dicit,
672 729 750 787 adivi
775 728 923 787 Hadriani
946 729 1130 803 temporibus
1161 729 1369 804 grammaticus

202 835 248 892 vel
272 835 462 894 notissimus«
490 835 564 893 haec
599 837 762 912 praecipit:
781 834 803 912 ¹)
832 836 951 912 »apices
986 836 1029 894 ibi
1064 837 1136 911 poni
1171 837 1293 906 debent,
1319 837 1369 893 ubi

204 943 319 1003 eisdem
342 943 445 1001 litteris
469 943 529 1001 alia
553 955 643 1018 atque
677 945 737 1003 alia
771 963 817 1002 res
854 944 1033 1020 designatur,
1060 955 1090 1002 ut
1114 944 1194 1002 venit
1229 954 1257 1002 et
1280 944 1368 1017 venit,

203 1063 267 1110 aret
290 1063 319 1110 et
344 1059 415 1119 aret,
441 1051 513 1127 legit
536 1061 565 1109 et
588 1052 660 1127 legit
684 1062 842 1127 ceteraque
877 1053 922 1110 his
955 1052 1073 1110 similia.
1122 1054 1216 1128 Super
1239 1051 1248 1108 i
1271 1063 1369 1110 tamen

201 1159 329 1217 litteram
356 1177 432 1233 apex
455 1177 516 1216 non
540 1159 675 1234 ponitur:
702 1160 806 1217 melius
831 1159 911 1218 enim
936 1155 954 1218 vl
977 1160 1007 1216 in
1031 1161 1154 1236 longum
1178 1160 1367 1234 producetur.

201 1267 327 1326 Ceterae
349 1267 478 1334 vocales,
505 1266 576 1340 quia
600 1267 708 1325 eodem
742 1267 847 1325 ordine
883 1267 999 1342 positae
1036 1267 1153 1325 diversa
1188 1267 1367 1342 significant,

200 1375 286 1449 apice
321 1374 550 1450 distinguuntur,
580 1394 617 1433 ne
653 1375 755 1450 legens
790 1375 978 1433 dubitatione
1012 1375 1218 1450 impediamur
1269 1377 1368 1448 Atque

201 1482 282 1540 idem
296 1475 319 1565 2)
345 1481 417 1540 dicit
443 1474 588 1560 (Gramm.
615 1482 680 1540 Lat.
706 1481 753 1539 ed.
779 1482 849 1540 Keil
866 1484 934 1551 VH,
953 1482 1020 1559 18):
1051 1482 1194 1557 quinium
1213 1482 1301 1557 igitur
1317 1501 1370 1556 per

200 1589 400 1648 adiectionem
425 1589 475 1646 illa
498 1588 635 1646 videntur
659 1607 724 1647 esse
748 1589 856 1647 vitiosa
880 1591 962 1664 quod
981 1590 1090 1647 Accius
1106 1590 1265 1665 geminatis
1282 1609 1368 1646 voca·

200 1697 277 1755 libus
302 1696 392 1755 scribi
415 1706 520 1753 natura
543 1696 649 1771 longas
674 1697 768 1753 voluit
792 1717 858 1754 cum
885 1697 997 1772 alioqui
1027 1697 1145 1755 adiecto
1169 1698 1216 1755 vel
1251 1696 1368 1755 sublato

201 1805 286 1882 apice
309 1803 505 1880 longitudinis
529 1813 557 1861 et
581 1804 734 1863 brevitatis
759 1815 831 1862 nota
854 1815 956 1880 posset
981 1805 1128 1865 ostendi«

306 1911 461 1970 Distinctis
484 1911 572 1988 igitur
596 1921 685 1986 atque
709 1911 827 1970 disertis
852 1911 949 1970 verbis
974 1912 1160 1987 grammatici
1185 1912 1240 1987 ipsi
1266 1912 1368 1971 dicunt

200 2019 390 2078 adhibendos
419 2036 485 2076 esse
519 2019 619 2094 apices
656 2019 695 2076 ad
732 2019 941 2094 exprimendas
977 2019 1107 2094 syllabas
1142 2019 1257 2095 longas.
1304 2019 1369 2077 Nec

199 2146 270 2184 vero
294 2145 362 2183 cum
387 2125 561 2185 accentibus
586 2125 686 2201 apices
711 2126 917 2185 confundendi
953 2137 1029 2184 suut.
1078 2129 1177 2202 Atque
1211 2127 1368 2202 positionis

200 2235 248 2294 lex
272 2233 415 2309 quoniam
440 2235 526 2293 metri
562 2254 653 2292 causa
677 2254 695 2293 a
718 2235 815 2311 poetis
851 2235 971 2294 inventa
995 2246 1049 2305 est,
1075 2236 1105 2292 in
1142 2235 1233 2292 titulis
1257 2236 1304 2293 vel
1338 2235 1369 2291 in

198 2361 289 2420 prosa
323 2341 457 2400 oratione
492 2343 591 2400 valere
626 2342 749 2417 nequit3
784 2353 909 2418 apparet
944 2342 1031 2418 igitur
1065 2352 1180 2400 tantum
1215 2341 1368 2400 vricalibus

199 2460 306 2508 natura
328 2449 426 2524 longis
452 2449 553 2523 apices
578 2468 643 2508 esse
668 2450 798 2508 additos.
846 2452 986 2508 Attamen
1011 2451 1030 2506 ii
1055 2451 1106 2524 qui
1131 2449 1217 2524 primi
1253 2450 1283 2506 in
1307 2449 1369 2524 api-

200 2557 285 2615 cibus
309 2555 499 2631 explorandis
524 2574 647 2631 operam
671 2557 895 2615 collocaverunt
919 2577 1021 2615 eorum
1046 2558 1105 2614 vim
1132 2556 1284 2631 propriam
1307 2575 1369 2613 non

200 2673 422 2740 perspexerunt.
480 2665 578 2721 Iustus
615 2662 733 2739 Lipsius
769 2664 918 2721 titulorum
955 2664 1114 2722 latinorum
1150 2664 1273 2721 omnino
1309 2664 1369 2721 fere

169 2819 171 2822 .
201 2771 311 2830 inscius
336 2771 437 2848 apices
461 2790 537 2846 quos
563 2771 765 2844 Quintilianus
790 2782 818 2829 ct
842 2772 1000 2830 Terentius
1026 2773 1153 2829 Scaurus
1188 2790 1368 2828 commemo-

201 2889 266 2938 rant
289 2879 375 2936 huius
408 2879 522 2937 formae
545 2877 572 2889 “
596 2879 686 2937 fuisse
721 2879 832 2950 conicit
856 2880 885 2956 (l.
912 2899 937 2938 c.
963 2900 991 2955 p.
1023 2879 1081 2955 17).
1129 2881 1235 2953 ltaque
1268 2880 1300 2937 fit
1339 2888 1369 2935 ut

201 2987 303 3062 apices
321 2987 473 3045 titulorum
491 2987 509 3044 l.
529 3007 554 3044 c.
574 3007 602 3062 p.
621 3003 660 3062 50
677 2987 834 3044 allatorum
852 3006 937 3045 veros
954 2962 1167 3063 (CLliMllNS,
1194 2961 1367 3055 OCVLOS,

204 3069 390 3195 CuRlopE
415 3088 470 3176 al.)
494 3113 569 3169 quos
593 3105 733 3152 accentus
758 3113 823 3152 esse
852 3095 1012 3169 »ineptum
1030 3096 1150 3152 stultum
1167 3105 1196 3152 et
1213 3114 1230 3151 a
1246 3093 1363 3151 bardis-z<

200 3211 293 3279 putat,
323 3199 496 3276 »imperitae
520 3201 608 3259 alicui
626 3201 782 3276 sculptoris
801 3202 920 3259 manui«
942 3202 1091 3262 attribuat.
1139 3202 1233 3259 Addit
1250 3211 1365 3259 autem:

205 3309 279 3368 >misi
302 3309 334 3367 id
358 3319 458 3367 tamen
481 3309 637 3366 voluerant
660 3308 761 3383 apices
786 3327 837 3366 eos
873 3327 937 3367 esse
973 3310 1081 3384 quibus
1116 3309 1291 3384 insignirent
1315 3306 1368 3383 (ita

200 3410 346 3500 suspicor)
382 3418 502 3474 vocales
537 3417 672 3491 longas«
723 3417 840 3492 Lipsius
876 3417 963 3493 igitur
998 3418 1069 3492 quid
1104 3418 1255 3474 titulorum
1291 3435 1367 3491 apex

203 3527 292 3584 vellet
305 3536 385 3584 recte
397 3525 563 3600 suspicatus
581 3535 633 3582 est.
667 3524 839 3582 Ritterus
863 3525 901 3583 de
917 3525 1002 3600 apice
1019 3536 1108 3600 atque
1124 3524 1366 3600 inscriptionibus

200 3652 278 3709 quae
302 3632 437 3708 apicibus
469 3632 662 3707 consignatae
698 3633 882 3708 reperiuntur
916 3633 1027 3708 primus
1062 3634 1203 3691 continue
1239 3633 1365 3708 scripsit,

199 3741 254 3799 sed
278 3741 462 3814 quamquam
487 3739 560 3814 quid
583 3760 659 3814 apex
683 3740 720 3798 sit
743 3740 830 3799 certis
855 3741 973 3799 indiciis
998 3740 1192 3817 investigasse
1216 3741 1272 3799 sibi
1287 3741 1366 3799 vide·

200 3859 246 3907 tur
269 3849 392 3905 multum
416 3857 517 3905 tamen
542 3848 627 3905 abest
651 3857 682 3904 ut
705 3848 801 3905 omnis
827 3848 1006 3924 ambiguitas
1031 3849 1237 3924 dubitatioque
1273 3867 1365 3906 remo-

200 3966 332 4015 veantur.
380 3957 447 4014 lure
471 3975 524 4015 suo
549 3975 650 4015 eorum
675 3955 849 4030 opinionem
873 3957 979 4015 refellit
1003 3956 1054 4030 qui
1088 3968 1227 4015 accentus
1263 3968 1364 4015 notam

308 4217 327 4286 ¹)
344 4221 374 4268 F.
390 4219 530 4268 Schoellius
546 4219 643 4268 inAct.
664 4235 716 4269 soc.
738 4221 801 4283 phil.
816 4220 886 4284 Lips.
903 4220 945 4278 Vl,
969 4238 993 4284 p.
1011 4234 1041 4282 91
1063 4221 1363 4285 sq.(Keil‚G.1..V11>.

307 4307 327 4375 ²)
345 4311 482 4360 Corssenus
511 4309 541 4375 (l.
571 4325 593 4357 c.
624 4310 643 4368 Ι,
662 4309 704 4374 14)
733 4310 896 4359 Ritschelium
926 4310 1029 4376 (Opusc.
1050 4312 1093 4370 lv,
1116 4312 1174 4377 143')
1205 4311 1366 4374 neglegenter

205 4401 345 4453 exscribens
363 4401 426 4451 haec
445 4401 521 4453 verba
539 4400 612 4452 Velio
631 4400 722 4471 Longo
741 4401 804 4449 falso
822 4401 914 4460 tribuit,
