3172 5264
206 481 337 559 puerulis
362 481 483 556 quidem
508 480 643 556 ignotum
668 491 720 538 est.
770 482 825 538 Per
848 499 879 537 se
902 491 1002 537 tamen
1021 489 1142 554 apparet
1158 480 1237 537 hanc
1253 480 1372 537 distinc-

205 591 318 648 tionem
341 589 415 646 nihil
439 608 504 646 esse
527 588 584 645 nisi
608 588 812 646 adiumentum
849 588 1001 663 poeticum
1024 587 1239 644 vocabulorum
1275 607 1366 645 versu

205 717 314 772 umque
339 696 556 755 metiendorum
581 714 671 753 causa
694 695 846 752 inventum
871 712 969 769 neque
993 693 1051 750 illis
1076 694 1193 751 duobus
1210 696 1371 770 genetibus

205 822 325 862 omnem
348 803 497 861 vocalium
520 803 693 860 varietatem
717 820 837 877 prorsus
854 820 919 859 esse
936 802 1117 859 exhaustam.
1166 803 1274 860 Veram
1292 803 1370 860 enirn

204 894 338 952 indolem
362 912 397 951 ac
421 902 556 950 naturam
581 892 730 949 vocalium
754 891 861 949 nostris
886 891 1005 949 demum
1041 892 1225 966 temporibus
1260 893 1371 967 phone-

204 1001 255 1058 tici
280 1000 331 1075 qui
355 1000 494 1057 dicuntur
517 999 672 1073 exquirere
697 998 796 1056 conati
821 1010 888 1055 sunt
913 997 963 1072 qui
988 998 1077 1056 etiam
1102 1008 1193 1073 atque
1211 1000 1298 1057 etiam
1316 1019 1370 1056 nos

205 1109 369 1166 admonent
383 1102 406 1186 ¹)
430 1117 461 1164 ut
477 1125 514 1164 ne
531 1116 648 1181 tempus
665 1105 833 1183 (inanest)
850 1106 999 1162 vocalium
1024 1124 1091 1162 cum
1108 1124 1184 1163 sono
1202 1105 1370 1183 (aKlangt)

204 1217 251 1274 vel
274 1226 305 1273 ut
328 1216 368 1273 ita
392 1215 490 1274 dicam
515 1214 710 1290 quantitatem
737 1233 804 1271 cum
823 1213 963 1288 qualitate
980 1213 1207 1274 confundamus,
1255 1215 1370 1272 Utrum-

205 1343 263 1398 que
287 1324 375 1399 igitur
405 1322 624 1398 respiciendum
660 1332 703 1380 est
727 1321 967 1397 orthoepicarum
1004 1340 1100 1379 rerum
1136 1322 1281 1380 studioso,

312 1451 358 1505 Ac
371 1447 499 1524 primum
515 1448 553 1506 ad
568 1448 718 1506 vocalium
729 1449 902 1524 prosodiam
915 1448 1119 1506 definiendam
1133 1449 1299 1507 accuratius
1312 1468 1375 1524 per-

206 1555 352 1631 spiciendi
365 1566 432 1613 sunt
442 1566 551 1631 poetae
564 1555 647 1613 latini
665 1574 791 1630 quorum
811 1574 967 1613 mensurae
984 1574 1094 1631 magno
1109 1556 1197 1613 nobis
1214 1566 1282 1613 sunt
1298 1556 1372 1613 usui.

205 1662 346 1721 Poeticae
370 1672 468 1720 autem
502 1662 571 1720 artis
596 1681 612 1720 e
637 1663 762 1721 Graecis
799 1663 957 1720 translatae
993 1663 1073 1737 apud
1098 1664 1252 1720 Romanos
1288 1663 1374 1737 quasi

206 1781 292 1846 pater
314 1769 367 1827 fuit
392 1770 430 1843 Q.
456 1770 579 1836 Ennius,
605 1780 687 1828 vates
712 1769 858 1828 Rudinus.
907 1772 935 1827 ls
960 1779 1022 1827 tum
1047 1788 1115 1827 cum
1152 1788 1290 1828 sermone
1313 1770 1373 1826 vul-

205 1879 267 1954 gari
291 1877 442 1952 quantitas
466 1877 648 1952 syllabanrm
671 1877 810 1934 vacillare
834 1888 863 1934 et
886 1877 1054 1935 claudicare
1079 1877 1179 1953 coepit
1195 1877 1282 1935 simul
1306 1896 1372 1934 cum

205 2003 290 2043 versu
313 1985 485 2043 hexametro
521 1984 670 2060 dactylico
697 1985 881 2042 Graecorum
919 1984 1081 2042 severiores
1118 1985 1198 2060 leges
1235 1985 1373 2043 metricas

206 2103 351 2167 quantum
374 2094 473 2152 facere
496 2092 592 2169 potuit
608 2093 638 2150 in
655 2092 760 2168 poesin
778 2092 900 2149 latinam
920 2091 1017 2149 intulit
1033 2102 1121 2167 atque
1138 2092 1179 2150 ita
1195 2093 1373 2167 syllabarum

208 2200 359 2275 positione
383 2205 505 2273 (θέσει)
523 2202 733 2276 productarttm
751 2201 861 2259 auxilio
878 2201 1095 2259 inconstantiae
1112 2201 1372 2275 fluctuationisque

206 2308 364 2365 verborum
377 2309 595 2367 ntetiendorum
609 2310 699 2366 finem
711 2309 789 2366 lecit.
816 2309 904 2365 Ennii
916 2309 1041 2384 vestigia
1055 2309 1197 2383 deinceps
1211 2309 1300 2367 ceteri
1314 2310 1371 2365 Ro·

206 2431 363 2472 manorum
374 2425 481 2490 poetae
494 2416 587 2472 secuti
600 2425 676 2472 sunt.
690 2415 796 2488 Neque
806 2427 904 2472 tamen
916 2416 1152 2472 consonantibus
1163 2416 1278 2473 duabus
1288 2435 1375 2472 voca-

205 2521 264 2579 lem
276 2521 427 2595 quandam
439 2522 631 2596 sequentibus
643 2540 678 2579 ex
688 2521 784 2596 poetis
794 2538 978 2596 cognoscere
989 2540 1144 2595 possumus
1157 2532 1251 2578 utrum
1262 2523 1374 2578 vocalis

206 2627 258 2685 illa
281 2629 430 2704 positione
455 2649 493 2687 an
516 2640 622 2687 natura
646 2629 683 2686 sit
706 2630 805 2704 longa.
853 2630 880 2685 T
882 2648 931 2685 um
961 2638 1059 2686 autem
1096 2628 1267 2686 felicissimo
1303 2646 1373 2684 casu

207 2736 317 2794 accidit
342 2747 372 2795 ut
397 2736 427 2793 in
451 2737 553 2812 lingua
576 2737 667 2794 latina
701 2736 836 2811 quamvis
871 2736 937 2810 ipsa
971 2736 1092 2811 quidem
1121 2745 1255 2793 emortua
1283 2735 1374 2792 multa

210 2854 384 2919 argumenta
408 2854 436 2902 et
460 2845 633 2902 adiumenta
656 2845 744 2901 nobis
768 2844 798 2900 in
823 2855 962 2919 promptu
987 2845 1045 2901 sint
1062 2824 1169 2918 quibirs
1187 2842 1283 2918 qualis
1300 2843 1371 2899 olim

206 2950 348 3026 prosodia
359 2951 444 3008 luerit
454 2951 671 3026 intellegamus.
689 2951 909 3009 Fridericus
923 2951 1094 3009 Ritschel
1104 2951 1168 3020 ius,
1183 2950 1234 3024 qui
1245 2949 1320 3007 miro
1334 2950 1375 3005 in-

206 3058 286 3133 genii
311 3058 448 3116 acumine
471 3059 622 3133 praeditus
647 3059 677 3115 in
702 3058 811 3133 gradus
836 3069 864 3116 et
889 3059 974 3133 quasi
998 3059 1028 3115 in
1064 3077 1220 3135 processus
1256 3058 1375 3133 linguae

207 3164 320 3223 latinae*
351 3183 491 3241 prospere
527 3166 710 3241 feliciterque
745 3166 898 3241 inquirens
922 3186 1022 3225 veram
1045 3167 1124 3226 viam
1160 3187 1196 3225 ae
1230 3167 1374 3225 rationem

207 3272 371 3348 indagandi
396 3273 483 3331 nobis
508 3273 647 3343 ostendit,
665 3273 696 3330 in
713 3274 840 3350 epistula
857 3275 958 3332 subtili
976 3269 999 3352 2)
1017 3275 1047 3332 in
1064 3275 1271 3351 quaestionum
1289 3273 1374 3331 huius

208 3380 291 3439 modi
315 3398 400 3438 usum
424 3381 557 3439 converti
582 3382 643 3438 vult

346 3508 360 3562 I
384 3516 479 3564 certas
504 3507 652 3581 quasdam
676 3527 721 3566 res
745 3508 953 3584 grammaticas
971 3509 1017 3566 vel
1035 3507 1249 3583 etymologicas
1268 3500 1373 3590 (existi-

382 3632 433 3670 mo
449 3633 485 3672 ex
502 3615 637 3685 aestimo
656 3625 772 3674 amasse
788 3632 824 3674 ex
840 3616 996 3686 amavisse,
1014 3625 1134 3673 narrare
1151 3635 1186 3673 ex
1202 3634 1309 3691 gnarus
1325 3613 1374 3691 al.)

331 3722 360 3779 II
384 3723 558 3797 prosodiam
581 3733 713 3782 veterum
737 3735 891 3799 poetarum
916 3723 1102 3782 scenicorum
1122 3723 1192 3799 (tlte,
1213 3733 1276 3793 iste,
1294 3722 1372 3790 inde,

384 3831 490 3900 omnis
516 3838 681 3906 argentum,
707 3838 837 3903 uxorem,
862 3835 1043 3891 voluntatem
1069 3831 1120 3909 al.)

212 4040 527 4050 Q

314 4183 335 4253 ¹)
355 4186 407 4235 Csr.
429 4188 612 4254 Seelmann‚
634 4186 790 4250 Aussptachc
804 4185 947 4235 desLatein
967 4203 993 4249 p.
1010 4199 1038 4235 2:
1065 4207 1111 4232 1-—
1127 4185 1193 4233 uoclr
1213 4185 1300 4232 immet
1319 4199 1374 4232 ver·

208 4275 327 4324 wecltselt
346 4292 404 4323 man
424 4275 465 4322 bei
485 4276 528 4322 der
547 4275 779 4337 Clraracterisiruug
806 4275 849 4322 der
878 4275 979 4322 antiken
999 4275 1097 4322 Vokale
1126 4275 1171 4321 das
1191 4275 1304 4322 Montent
1332 4274 1376 4322 der

181 4352 183 4358 ⁵
210 4365 294 4414 Dauer
313 4366 363 4413 und
384 4366 428 4413 des
447 4365 587 4428 Klanges.‹

318 4470 340 4547 ²)
359 4473 480 4539 Inscripta
501 4474 610 4522 »Unsere
630 4474 787 4539 Aussprache
806 4475 850 4522 des
868 4473 973 4522 Latein«
993 4473 1096 4539 (Opusc.
1116 4473 1161 4542 lv,
1184 4474 1234 4534 766
1254 4473 1322 4539 sqq.)
