3172 5264
699 280 899 345 ...g-.-

313 470 358 527 ΙΙΙ
382 469 542 544 scripturas
577 469 624 527 vel
647 452 747 544 sigim
781 470 924 544 graphica
958 470 1185 546 inscriptionum
1220 467 1377 546 (vocalium
1455 464 1458 469 ’

380 577 625 652 geminationem,
651 577 811 652 scripturas
837 577 873 647 ei,
900 597 939 635 ou
964 579 1012 648 al,
1039 579 1165 653 apicem,
1191 573 1208 638 I
1233 578 1378 654 longam.)

314 687 357 741 IV
380 685 530 742 vocabula
545 684 638 741 latina
654 683 767 759 graecis
786 685 887 743 litteris
905 685 1015 761 scripta
1032 689 1184 767 (Φῆστος.
1204 683 1377 770 πρώξιμος,

387 790 533 874 Σήστιος,
560 789 718 866 Σεκόνόος
743 791 794 868 al.)

328 902 355 956 V
379 898 550 958 testimonia
566 910 696 958 veterum
716 899 979 974 grammaticorum
998 899 1106 975 (Cicer.
1125 902 1208 958 Orat.
1224 903 1265 972 48
1283 899 1302 976 ξ
1320 918 1377 976 159

381 1007 419 1064 de
443 1007 672 1064 consonantium
706 1006 848 1064 iuncturis
884 1027 918 1065 ns
955 1019 984 1066 et
1018 1009 1058 1077 ns,
1097 1008 1187 1066 Gellii
1229 1029 1255 1079 2,
1285 1026 1334 1082 17,
1362 1025 1376 1084 5

381 1114 552 1172 testimonia
576 1115 614 1172 tle
638 1123 692 1189 pro
717 1125 746 1172 et
768 1120 833 1190 pro,
859 1116 898 1173 de
931 1115 1094 1191 participiis
1130 1115 1254 1190 perfecti
1290 1126 1381 1190 atque

383 1222 530 1298 permulta
555 1221 637 1298 alia.)

316 1331 359 1387 Vl
383 1330 543 1406 analogiae
567 1329 723 1388 rationem.

314 1438 457 1496 Nondum
483 1437 589 1494 allatae
613 1447 681 1494 sunt
705 1457 722 1495 a
746 1437 912 1495 Ritschelio
937 1438 976 1496 ad
1000 1437 1081 1496 illam
1103 1438 1310 1514 quaestionem
1327 1440 1380 1497 lin·

207 1564 284 1620 guae
307 1544 495 1602 Romanieae
512 1562 590 1618 <puae
606 1544 760 1618 profectae
776 1563 794 1601 a
809 1563 948 1603 sermone
964 1545 1058 1603 latino
1075 1546 1188 1621 vulgari
1206 1545 1380 1621 saepissime

207 1654 295 1711 nobis
334 1654 407 1712 dant
449 1671 553 1710 ansam
592 1651 867 1710 constituendarum
905 1651 1158 1727 pronuntiationis
1193 1653 1371 1729 regularum.

206 1762 297 1836 Quod
321 1761 487 1819 subsidium
512 1759 740 1836 argumentandi
764 1760 944 1817 recentiores
969 1760 998 1816 in
1037 1760 1226 1834 quaestiones
1262 1762 1377 1820 orthoe-

205 1870 287 1945 picas
301 1871 469 1938 attulerunt,
484 1869 514 1925 in
526 1867 628 1943 primis
643 1868 939 1927 Schuchardtius
953 1859 1177 1951 (»V0calismus
1188 1869 1241 1927 des
1253 1869 1376 1944 Vulgar-

205 1971 332 2057 lateint)
357 1977 583 2034 Corssenus
597 1974 1032 2051 (adussprache,Vocalismus
1057 1976 1118 2034 und
1141 1977 1300 2050 Betonung
1323 1976 1377 2036 der

204 2087 252 2143 lat.
269 2084 444 2160 Spracher),
470 2085 520 2140 Fo
533 2094 712 2141 ersterus
736 2075 977 2163 (Bestimmung
1002 2084 1055 2141 der
1078 2084 1128 2141 lat.
1144 2083 1299 2156 Quantitat
1323 2103 1375 2142 aus

175 2183 180 2191 ⁴
205 2195 274 2252 dem
283 2190 526 2249 Romanischena
547 2190 578 2246 in
597 2208 672 2247 mus
685 2190 782 2247 Rhen.
805 2193 885 2263 1878
901 2210 930 2265 p.
945 2210 1002 2266 291
1026 2191 1109 2275 sqq.)
1125 2192 1380 2249 Seelmannus

205 2289 233 2370 (l.
246 2303 296 2377 c),
308 2302 355 2356 Gr
364 2319 382 2355 o
392 2299 477 2356 eber
486 2295 543 2370 us(
551 2296 857 2372 »Vulgarlateinische
867 2298 1021 2355 Substrate
1031 2298 1376 2358 romanischerWdrtert

208 2409 239 2466 in
268 2406 397 2464 »Archiv
420 2407 466 2463 fiir
490 2405 589 2463 latein.
615 2404 854 2480 Lexicographie
878 2405 939 2463 und
965 2404 1196 2485 Grammatik.«)

314 2514 461 2571 Nimirum
486 2531 539 2588 per
561 2531 593 2571 se
617 2512 740 2587 quidem
757 2512 874 2588 singula
892 2513 1065 2571 adiumenta
1080 2532 1142 2572 non
1159 2527 1220 2573 tam
1237 2533 1377 2590 magnam

208 2621 436 2698 argumentandi
460 2621 519 2678 vim
543 2620 665 2690 habent,
690 2620 896 2695 adipiscuntur
920 2630 1019 2678 autem
1043 2622 1223 2696 argumentis
1254 2622 1379 2680 diversis

207 2731 283 2788 inter
307 2748 338 2787 se
362 2729 627 2802 consentientibus,
676 2728 818 2786 Omnium
848 2738 949 2786 tamen
986 2728 1104 2785 illorum
1139 2728 1378 2789 adiumentorum

208 2839 298 2914 longe
322 2837 480 2912 plurimum
505 2837 605 2894 valent
632 2836 717 2912 signa
743 2835 889 2910 graphica
912 2836 959 2893 vel
984 2835 1148 2910 scripturae
1171 2837 1202 2893 in
1225 2836 1316 2894 titulis
1341 2838 1380 2896 ad

209 2958 311 3003 nostra
333 2955 470 3020 tempora
505 2954 709 3013 conservatae,
735 2944 884 3017 equibus
920 2943 977 3001 hac
1014 2944 1271 3003 commentatione
1307 2945 1380 3003 duas

209 3052 398 3128 gravissimas
423 3061 548 3109 tractare
573 3050 646 3108 mihi
670 3064 712 3109 est
737 3051 767 3108 in
804 3050 914 3109 auimo
962 3053 1008 3108 Ac
1045 3053 1206 3128 praecipue
1242 3053 1380 3112 hausite

210 3161 342 3218 fontibus
367 3159 565 3235 epigraphicis
590 3159 771 3216 Ritschelius
796 3159 879 3216 cuius
904 3159 1029 3235 vestigia
1052 3171 1158 3236 postea
1182 3160 1232 3218 alii
1267 3179 1380 3235 presse-

209 3279 284 3325 runt.
333 3268 454 3340 Quanta
477 3267 612 3341 profecto
636 3267 808 3341 sagacitate,
835 3266 988 3337 industria,
1015 3268 1160 3342 patientia
1175 3268 1287 3326 laboris
1304 3287 1380 3344 opus

138 3358 141 3366 ¹
209 3376 263 3433 fuit
286 3375 324 3433 ad
349 3375 452 3432 rudem
476 3374 717 3449 indigestamque
741 3375 852 3431 molem
881 3374 1109 3450 inscriptionum
1133 3375 1245 3450 passim
1269 3376 1380 3451 disper-

210 3502 309 3541 sarum
342 3479 606 3557 componendam!
658 3483 721 3539 Iam
757 3482 880 3556 quidem
915 3482 945 3539 in
980 3483 1114 3558 Corpore
1149 3483 1380 3558 Inscriptionum

210 3591 383 3648 Latinarum
408 3589 588 3647 Mommseni
614 3589 750 3648 Henaeni
774 3590 875 3647 Rossii
901 3591 1056 3648 Huebneri
1094 3591 1219 3648 aliorum
1251 3592 1378 3650 virorum

211 3697 398 3774 egregiorum
422 3698 535 3766 studiis,
561 3707 592 3754 ut
616 3716 684 3754 cum
708 3707 800 3773 poeta
824 3698 992 3756 Veronensi
1016 3698 1133 3772 loquar,
1163 3699 1288 3770 »doctis
1313 3701 1380 3775 Iup·

211 3806 296 3880 piter,
322 3814 350 3862 et
373 3804 549 3862 laboriosis«
577 3803 744 3862 coniunctis
769 3804 918 3862 uberrima
952 3805 1075 3863 materia
1112 3816 1155 3863 est
1191 3806 1318 3864 collecta
1352 3817 1382 3866 et

212 3912 296 3986 quasi
320 3912 395 3970 silva
419 3902 618 3998 ὀρθοεπείας
643 3912 751 3970 latinae
786 3913 953 3970 accuratius
989 3913 1229 3988 perscrutandae.
1276 3917 1381 3990 Itaque

213 4020 393 4096 sperandum
418 4031 462 4078 est
485 4021 548 4078 fore
583 4030 614 4077 ut
651 4021 681 4077 in
716 4039 812 4078 rerum
848 4020 1088 4095 orthoepicarum
1123 4021 1295 4080 discrimine
1331 4035 1381 4083 aut

214 4147 317 4186 omnes
342 4138 392 4186 aut
415 4128 559 4203 plurimae
583 4127 772 4186 difficultates
797 4139 992 4187 amoveantur
1015 4139 1104 4204 atque
1129 4130 1228 4188 inhis
1265 4131 1380 4190 dubita-

214 4235 329 4292 tionum
353 4236 491 4294 tluctibus
516 4236 555 4294 ad
579 4247 691 4294 certum
716 4235 868 4310 <piendam
894 4237 983 4294 finem
1008 4236 1205 4311 perveniatur.

321 4343 378 4400 His
402 4344 572 4419 praemissis
607 4344 646 4402 ad
675 4343 706 4401 id
741 4362 789 4401 me
826 4355 969 4402 converto
1005 4346 1088 4419 quod
1122 4345 1195 4403 mihi
1227 4346 1379 4423 proposui,

216 4449 368 4508 Disseram
393 4451 432 4509 de
466 4451 501 4508 iis
534 4452 625 4528 signis
661 4452 811 4528 graphicis
845 4452 953 4526 quibus
977 4453 1109 4511 Romani
1144 4463 1256 4513 veteres
1291 4456 1381 4533 longe
