3172 5264
311 1115 394 1175 Idem
413 1116 494 1192 quod
518 1114 610 1174 tribus
628 1113 738 1175 abhinc
754 1117 880 1176 saeculis
898 1121 1019 1176 Iustus
1036 1118 1180 1195 Lipsius
1197 1119 1235 1178 de
1251 1114 1370 1196 linguae

204 1225 312 1282 latinae
336 1225 577 1299 pronuntiatione
601 1243 672 1282 suae
696 1226 799 1284 aetatis
816 1224 974 1301 increpans
992 1225 1109 1301 scripsit
1124 1222 1147 1303 1)
1168 1226 1277 1286 »hodic
1293 1245 1371 1302 quae

205 1333 341 1390 confusio
366 1344 393 1390 ct
417 1331 547 1390 turbela!
597 1333 739 1392 Omnium
764 1334 872 1409 pariter
895 1334 974 1392 idern
1000 1353 1090 1392 sonus
1112 1335 1246 1392 brevium
1270 1334 1367 1411 longa·

206 1459 347 1515 rumque«
374 1433 453 1514 (scil.
479 1441 641 1519 vocalium)
666 1440 727 1499 iure
751 1452 840 1516 atque
864 1441 968 1499 merito
994 1459 1087 1516 usque
1104 1443 1143 1500 ad
1160 1441 1292 1500 medium
1311 1461 1372 1500 sae-

206 1549 304 1605 culum
328 1560 462 1606 nostrum
485 1549 573 1606 valde
599 1549 825 1624 vituperandum
850 1559 920 1607 erat.
968 1551 1078 1607 Veram
1102 1549 1252 1607 vocalium
1281 1568 1372 1624 quan·

204 1656 318 1715 titatem
342 1657 404 1716 sive
426 1658 584 1732 longarum
607 1657 668 1715 sive
693 1657 827 1715 brevium
860 1656 988 1714 maiores
1025 1656 1116 1714 nostri
1153 1657 1276 1714 omnino
1313 1657 1373 1716 fere

204 1765 405 1841 neglegebant
429 1765 458 1822 in
483 1765 706 1840 pronuntiando
730 1783 829 1839 neque
853 1763 907 1822 arti
931 1775 1011 1822 recte
1042 1774 1071 1822 et
1105 1764 1195 1840 plane
1230 1765 1373 1839 loquendi

207 1884 236 1929 ut
273 1873 443 1942 vernaculo,
469 1873 509 1930 ita
541 1872 634 1930 latino
671 1891 808 1930 sermone
842 1872 887 1928 usi
922 1871 981 1927 vim
1016 1890 1157 1946 magnam
1193 1871 1371 1931 tribuebant,

205 1981 344 2037 Attamen
369 1998 414 2038 res
439 1980 631 2054 orthocpicae
656 1979 725 2036 satis
749 1988 817 2037 sunt
840 1979 960 2054 dignae,
986 1997 1063 2052 quae
1088 1978 1193 2036 iterum
1210 1989 1238 2036 et
1255 1978 1372 2055 saepius

205 2098 429 2161 pertractentur.
479 2090 630 2161 Quantum
655 2087 715 2144 iam
739 2088 820 2162 apud
843 2088 997 2144 Romanos
1021 2095 1134 2144 veteres
1169 2086 1372 2162 pronuntiatio

205 2206 286 2252 recta
310 2195 465 2252 Ciceronis
501 2196 547 2252 vel
571 2193 699 2269 Augusti
734 2193 919 2268 temporibus
942 2192 1076 2266 valuerit,
1102 2193 1214 2269 optime
1251 2213 1375 2269 cognos-

207 2320 274 2359 cere
298 2320 456 2376 possumus
481 2321 497 2360 e
523 2302 668 2360 Cicerone
692 2302 757 2377 ipso
789 2302 839 2377 qm
874 2301 904 2359 in
930 2301 1062 2360 Oratoris
1098 2321 1163 2378 cap.
1192 2317 1241 2377 51,
1267 2301 1287 2377 ξ
1316 2319 1372 2377 173

208 2408 281 2466 dicit
305 2410 398 2470 haec:
428 2411 480 2466 »ln
504 2429 590 2467 versu
615 2410 736 2484 quidem
761 2411 875 2468 theatra
899 2418 962 2467 tota
986 2408 1165 2479 exclamant,
1191 2409 1215 2466 si
1240 2408 1294 2467 fuit
1317 2428 1376 2467 una

206 2516 321 2590 syllaba
348 2526 397 2574 aut
420 2516 540 2574 brevior
563 2528 612 2575 aut
636 2517 762 2593 longior.
810 2518 875 2576 Nec
898 2536 969 2575 vero
995 2517 1153 2575 multitudo
1184 2517 1257 2575 illud
1293 2517 1375 2591 quod

207 2624 331 2682 offendit
355 2634 405 2681 an
429 2643 480 2680 cur
505 2635 555 2682 aut
579 2625 609 2681 in
634 2643 694 2698 quo
719 2625 852 2683 offendat
877 2624 1030 2699 intellegit,
1057 2634 1086 2682 et
1109 2634 1208 2682 tamen
1241 2623 1375 2680 omnium

208 2731 428 2806 longitudinum
454 2743 482 2790 et
506 2732 684 2790 brevitatum
710 2733 740 2789 in
765 2733 846 2790 sonis
882 2732 957 2790 sicut
993 2743 1146 2789 acutarum
1181 2731 1376 2808 graviumque

208 2860 314 2897 vocum
339 2822 483 2898 iudiciirm
508 2840 573 2914 ipsa
597 2850 704 2898 natura
728 2841 756 2896 in
791 2840 910 2898 auribus
946 2839 1053 2897 nostris
1089 2838 1279 2897 collocavit«.
1328 2841 1376 2896 An

207 2965 277 3004 vero
302 2948 432 3004 Romani
469 2959 582 3006 veteres
607 2948 737 3006 studium
762 2946 959 3033 ὀρθοεπείας
985 2947 1188 3022 explorandae
1222 2947 1378 3022 permagni

208 3054 452 3114 aestimaverunt:
479 3075 533 3113 nos
556 3056 678 3130 quidem
714 3056 787 3113 illud
822 3075 876 3130 pro
911 3054 1005 3112 nihilo
1041 3053 1233 3130 putabimus?
1279 3055 1377 3112 Immo

208 3181 279 3220 vero
304 3163 391 3219 nobis
416 3182 533 3220 summo
566 3182 657 3239 opere
692 3163 936 3221 contendendum
961 3172 1013 3235 est,
1038 3171 1069 3219 ut
1104 3161 1252 3220 vocabula
1286 3161 1378 3220 latina

208 3289 297 3344 quam
322 3270 544 3328 accuratissime
568 3271 803 3345 pronuntiemus.
851 3272 956 3344 Itaque
992 3269 1062 3328 inde
1098 3270 1136 3326 ab
1171 3287 1207 3327 eo
1243 3279 1377 3344 tempore

209 3397 268 3451 quo
293 3395 338 3436 res
363 3397 430 3435 cum
455 3378 596 3436 metricae
620 3390 682 3436 tum
706 3379 917 3455 epigraphicac
941 3377 1035 3453 magis
1060 3376 1215 3452 magisque
1249 3386 1377 3452 pertrac-

208 3485 263 3542 tari
287 3497 413 3560 coeptae
437 3496 504 3543 sunt
519 3485 606 3544 -id
631 3486 713 3560 quod
736 3486 897 3561 praecipue
913 3484 1069 3543 Ritschelii
1087 3503 1156 3541 cura
1172 3494 1262 3558 atque
1278 3484 1376 3543 studio

209 3595 316 3651 factum
352 3603 395 3652 est
420 3628 460 3634 -
486 3593 575 3652 etiam
610 3593 802 3670 orthoepicae
838 3593 1027 3668 quaestiones
1062 3611 1080 3649 a
1115 3589 1275 3666 philologis
1310 3601 1378 3648 sunt

208 3701 366 3759 institutae.

316 3808 535 3882 Quaerentibus
560 3809 639 3867 enim
655 3822 750 3867 utnrm
766 3809 879 3867 vocalis
896 3809 1043 3884 quaedam
1061 3808 1153 3882 longa
1168 3805 1205 3864 sit
1222 3823 1260 3863 an
1280 3804 1377 3865 brevis

208 3917 459 3993 proficiscendum
486 3926 529 3975 est
553 3927 674 3974 exarte
698 3917 821 3975 metrica
845 3917 927 3974 cuius
952 3916 1147 3973 fundamenta
1184 3913 1215 3970 in
1240 3931 1275 3972 eo
1312 3933 1378 3972 esse

209 4026 306 4100 posita
331 4025 412 4100 quod
436 4035 465 4083 et
489 4024 621 4099 syllabae
645 4033 674 4082 et
697 4024 816 4081 vocales
840 4023 1048 4081 discernuntur
1071 4022 1100 4078 in
1132 4022 1237 4097 longas
1262 4022 1378 4080 breves·

211 4153 267 4206 que
292 4135 333 4191 ita
356 4144 387 4191 ut
411 4133 440 4190 in
465 4132 547 4191 brevi
573 4132 687 4206 syllaba
711 4142 827 4207 tempus
852 4132 888 4188 sit
923 4150 1023 4201 unum,
1049 4131 1077 4187 in
1117 4130 1209 4206 longa
1244 4131 1314 4201 du0,
1340 4148 1378 4187 ne

318 4378 337 4445 ¹)
357 4384 385 4429 In
405 4382 501 4444 dialogi
521 4382 552 4430 de
571 4389 638 4429 recta
664 4380 866 4445 pronuntiatione
886 4379 949 4441 ling.
971 4379 1042 4428 latin.
1076 4377 1157 4441 capite
1176 4377 1198 4424 V
1215 4375 1308 4447 <Lugd.
1329 4375 1377 4425 Ba·

212 4478 263 4518 tav.
288 4471 373 4537 1586).
