3172 5264
750 251 969 312 --18-

273 461 448 509 numentum
461 451 664 526 Ancyrauum,
678 451 770 507 multo
794 450 911 526 saepius
937 450 1037 525 apices
1065 449 1218 506 continere
1233 441 1255 531 1)
1280 448 1378 506 statim
1404 448 1432 504 iu

273 559 394 634 telleget
419 557 554 633 quisquis
579 559 695 632 Corpus
719 557 951 632 Inscriptiouum
976 556 1203 632 perlustraverit,
1229 558 1308 612 velut
1331 556 1360 611 iu
1386 558 1440 612 Ro·

273 684 342 724 mae
366 665 457 724 titulis
482 665 697 739 sepulcralibus
722 665 886 722 minoribus
912 663 959 738 (C.
978 666 1001 722 Ι.
1020 666 1054 721 L.
1073 665 1125 733 Vl,
1145 684 1247 737 10229
1272 663 1351 738 sqq.)
1369 683 1445 738 apex

273 791 334 830 non
358 784 419 831 tam
443 773 549 831 crebro
574 771 737 846 insculptus
762 783 805 829 est
829 791 918 846 quam
943 771 971 828 in
997 771 1117 847 publice
1142 771 1255 845 positis
1305 772 1339 827 ln
1363 771 1444 827 urbis

276 891 375 939 autem
401 879 645 957 inscriptionibus
669 881 758 955 longe
794 880 937 954 plurimos
974 879 1075 954 apices
1111 898 1175 937 esse
1210 888 1343 953 repertos
1378 878 1444 952 quis

273 987 452 1046 mirabitur?
499 987 559 1044 Hic
583 987 662 1045 enim
687 988 716 1044 iu
741 1006 857 1045 summa
891 986 1018 1046 sescenti
1053 987 1113 1044 fere
1148 986 1223 1043 tituli
1259 985 1369 1060 apicati
1404 986 1444 1042 iu·

276 1095 434 1154 veniuntur
458 1086 521 1176 (cfr.
546 1095 605 1154 vol.
630 1096 674 1152 Vl
698 1106 773 1169 part.
803 1115 828 1152 1.
857 1114 884 1151 2.
912 1089 946 1174 3)
971 1095 1091 1152 Ceteras
1117 1094 1222 1152 ltaliae
1245 1104 1344 1168 partes
1380 1111 1443 1167 per-

272 1202 463 1260 lustrantibus
488 1202 606 1276 plurimi
632 1201 732 1276 apices
757 1202 845 1259 nobis
870 1211 1028 1259 occurrunt
1059 1201 1089 1258 iu
1124 1202 1224 1259 media
1260 1200 1383 1276 regione
1416 1209 1444 1257 et

273 1309 423 1378 inferiore,
448 1308 499 1366 hic
531 1308 639 1384 plures,
665 1308 725 1365 illic
762 1307 918 1383 pauciores
949 1306 1013 1384 (cfr.
1040 1309 1098 1365 vol.
1124 1310 1176 1377 IX,
1201 1310 1239 1376 X,
1263 1303 1362 1390 XIV).
1409 1310 1422 1364 1

272 1415 392 1474 Bruttiis
416 1416 537 1491 quidem
563 1425 591 1474 et
615 1416 754 1485 LucaniS,
780 1415 830 1474 ubi
855 1416 941 1491 pauci
966 1415 1041 1473 tituli
1065 1425 1133 1473 sunt
1156 1415 1309 1490 hucusque
1327 1416 1443 1490 reperti,

273 1533 418 1599 quantum
442 1523 540 1594 vide0,
567 1523 668 1598 apices
693 1523 817 1581 omnino
841 1525 902 1582 fere
925 1524 1042 1582 desunt.
1090 1522 1184 1579 Aliter
1207 1533 1308 1581 tamen
1343 1541 1388 1581 res
1413 1542 1445 1581 se

272 1631 371 1701 habet,
397 1631 421 1688 si
445 1630 581 1707 proprius
606 1630 645 1689 ad
668 1631 772 1688 urbem
790 1632 919 1688 Romam
944 1630 1122 1688 accedimus.
1172 1631 1325 1687 Nonnulla
1349 1649 1444 1688 exem·

272 1739 322 1814 pla
346 1739 450 1797 afferre
473 1738 545 1796 milri
576 1738 682 1796 liceat:
709 1737 867 1796 Calabriae
902 1756 986 1800 unus,
1013 1737 1141 1813 Apuliae
1176 1737 1319 1812 quinque,
1345 1737 1443 1811 Hirpi-

275 1864 381 1903 norum
406 1857 484 1916 oct0‚
504 1845 671 1903 Samnitum
696 1855 820 1920 septem,
841 1847 1058 1903 Frentanorum
1083 1856 1111 1903 et
1128 1845 1364 1902 Marrucinorum
1381 1864 1440 1913 sex,

271 1953 480 2029 Paelignorum
506 1971 624 2023 novem,
650 1953 680 2010 in
705 1953 812 2029 quibus
836 1972 887 2011 sex
912 1953 1122 2022 Corfinienses
1148 1952 1339 2011 Vestinorum
1365 1954 1441 2009 Mar-

273 2080 373 2118 sorum
397 2062 571 2136 Aequorum
603 2061 851 2136 quattuordecim,
878 2061 1057 2118 Sabinorum
1094 2061 1333 2136 quattuordecim
1360 2060 1442 2119 -tituli

272 2169 384 2227 habent
408 2168 518 2244 apices.
567 2170 683 2227 Eodem
708 2170 799 2226 modo
824 2169 854 2225 10
874 2169 1016 2244 Corporis
1039 2169 1190 2228 volumine
1214 2171 1242 2226 X
1260 2168 1443 2244 Campaniae

275 2275 484 2350 inscriptiones
507 2277 598 2352 longe
622 2277 766 2352 plurimos
791 2277 933 2335 exhibent
957 2278 1076 2352 apices:
1103 2297 1148 2336 ex.
1174 2297 1216 2352 gr.
1244 2297 1279 2335 ex
1306 2298 1364 2353 292
1402 2277 1443 2334 in·

274 2383 486 2458 scriptionibus
511 2384 701 2458 Pompeianis
729 2387 778 2454 28,
804 2403 820 2442 e
844 2396 963 2443 centum
987 2387 1048 2443 fere
1078 2385 1166 2444 inscr.
1214 2385 1445 2443 Herculanensi-

272 2492 328 2549 bus
355 2508 382 2564 7,
409 2509 445 2548 ex
474 2493 556 2548 1800
581 2492 641 2549 sere
666 2491 753 2549 inser.
772 2492 944 2550 Puteolanis
969 2494 1034 2566 plus
1059 2504 1190 2562 centum,
1209 2512 1244 2551 ex
1269 2511 1329 2566 347
1358 2494 1446 2550 inser¹

274 2597 496 2655 Misenensibus
529 2619 585 2674 193
617 2609 646 2656 at
678 2598 754 2656 inter
778 2599 898 2657 Siciliae
924 2615 982 2674 537
1011 2600 1111 2658 titulos
1135 2619 1196 2657 non
1221 2600 1319 2674 plures
1356 2620 1446 2674 quam

276 2705 419 2780 quinque,
445 2705 522 2764 inter
546 2705 701 2764 Sardiniae
725 2715 754 2763 et
779 2707 920 2764 Corsicae
943 2706 1044 2765 titulos
1069 2710 1129 2780 487
1157 2716 1271 2765 tantum
1307 2717 1444 2781 quattuor

275 2813 469 2888 reperiuntur.
484 2816 518 2870 In
528 2813 656 2872 Aemilia
669 2825 698 2871 et
710 2814 827 2871 Etruria
839 2812 999 2893 (vol.XI)et
1012 2815 1042 2871 in
1052 2815 1150 2873 Gallia
1159 2814 1313 2888 Cisalpina
1325 2813 1394 2890 (vol.
1406 2814 1446 2890 V)

274 2939 335 2978 non
351 2930 411 2977 tam
424 2921 529 2978 crebro
543 2921 646 2995 apices
655 2931 813 2978 occurrunt
824 2939 914 2996 quam
925 2921 955 2978 in
965 2922 1161 2980 ltaliamedia
1172 2933 1200 2979 et
1208 2921 1346 2980 interiore
1359 2931 1445 2996 3atta·

274 3046 343 3085 men
352 3027 421 3085 satis
433 3028 982 3105 multi.Verouae,Crem0nae,Brixiae
996 3030 1143 3088 rarissime
1151 3040 1259 3099 extant,
1270 3029 1335 3087 aliis
1349 3040 1445 3087 autern

274 3136 349 3208 locis
362 3133 534 3209 (Tergestis
549 3135 707 3209 Aquileiae
723 3136 774 3212 al.)
788 3136 914 3210 saepius,
941 3137 1081 3194 Rariores
1105 3147 1205 3194 tamen
1223 3137 1324 3211 apices
1349 3136 1448 3194 insunt

277 3241 308 3299 in
332 3241 422 3299 titulis
447 3252 528 3300 extra
552 3241 669 3299 Italiam
693 3242 825 3317 repertis
875 3243 906 3301 Si
931 3243 1072 3320 Corporis
1096 3244 1305 3318 inscriptiones
1340 3244 1446 3300 latinas

274 3349 405 3425 singulas
430 3348 633 3424 inspiciemus,
658 3349 827 3409 videbimus
852 3351 1020 3426 Hispaniae
1044 3351 1144 3409 titulos
1168 3369 1240 3425 prae
1276 3351 1341 3408 aliis
1377 3350 1446 3408 satis

273 3473 415 3532 magnum
439 3475 595 3514 numerum
619 3457 738 3532 apicum
763 3458 903 3517 exhibere
927 3458 957 3515 in
982 3477 1085 3516 omnes
1110 3469 1209 3534 partes
1245 3458 1446 3533 dispersorum

275 3562 326 3640 (37
355 3563 431 3622 inter
457 3566 560 3639 5096,
584 3564 635 3622 cfr.
662 3564 723 3622 ind.
749 3565 808 3622 vol.
834 3565 886 3643 II).
934 3567 1036 3623 Plures
1061 3574 1161 3622 autem
1196 3564 1381 3622 inveniemus
1416 3564 1447 3620 in

276 3671 377 3729 Gallia
400 3671 592 3730 Narbonensi
619 3665 689 3752 (vol.
714 3672 795 3749 XIl),
821 3673 872 3730 ubi
896 3673 972 3731 inter
997 3673 1080 3746 6038
1106 3671 1206 3729 titulos
1226 3688 1287 3744 274
1312 3673 1447 3747 apicibus

276 3780 373 3837 ornati
398 3790 474 3837 sunt.
523 3780 601 3837 Mira
623 3798 714 3856 saepe
738 3791 782 3838 est
807 3781 963 3840 diversitas
986 3798 1065 3848 usuS,
1090 3780 1170 3838 velut
1194 3780 1225 3836 in
1249 3781 1305 3837 hac
1329 3781 1445 3854 provin·

275 3886 323 3944 cia
347 3887 440 3945 multo
464 3886 582 3962 plurimi
607 3887 682 3944 tituli
708 3887 818 3963 apicati
843 3899 944 3948 extant
967 3887 1110 3947 Nemausi
1134 3881 1210 3968 (155
1238 3888 1314 3945 inter
1342 3888 1446 3970 1018),

276 4013 344 4052 cum
368 3995 512 4052 Narbone
536 3995 646 4052 Martio
671 3995 849 4067 inter1046
875 3997 1026 4055 tantum6
1051 3995 1127 4053 tituli
1152 3996 1251 4071 apices
1277 3996 1446 4054 exhibeant.

386 4257 406 4326 ¹)
426 4261 512 4325 ltaque
540 4261 716 4310 Hucbneri
751 4261 832 4311 verbis
859 4263 887 4327 (1.
918 4278 940 4310 c.
962 4278 988 4326 p.
1009 4261 1125 4327 LXXVI)
1143 4277 1223 4326 neque
1242 4260 1280 4310 his
1313 4262 1448 4311 »rarissime

269 4366 339 4415 apex
354 4349 401 4399 101
425 4350 507 4399 littera
524 4353 636 4416 ponitur«
652 4367 731 4416 neque
742 4353 780 4400 his
799 4353 837 4400 »iu
858 4353 919 4402 actis
939 4354 1020 4402 miuus
1033 4354 1148 4420 frequens
1161 4363 1197 4401 est
1216 4370 1290 4418 quam
1311 4354 1335 4402 iu
1355 4355 1446 4402 titulis«

276 4440 391 4492 assentiri
411 4456 523 4511 possum.
