3172 5264
763 301 977 352 ,40-

281 479 411 536 Zeiclren
435 477 540 553 irgend
564 477 652 535 einen
669 477 829 534 Gebrauch
854 495 888 533 zu
913 478 1037 536 macheu
1055 497 1113 536 von
1133 479 1254 536 solchen
1272 479 1451 537 Inschristen

282 593 415 663 spaterer
439 585 512 654 Zeit,
539 585 568 641 in
593 585 691 643 denen
723 604 783 661 aus⁸
806 584 868 642 rein
893 585 1102 645 willlrtirlicher
1126 587 1322 645 ltebhaberei
1350 587 1451 644 neben

282 695 351 754 dem
375 689 392 752 I
417 694 491 751 auch
527 693 638 751 andere
671 692 860 750 Buchstaben
896 692 926 750 in
962 695 1029 752 sehr
1063 696 1257 753 cntsclrieden
1291 701 1450 770 grosseren

283 801 504 861 Dimensionen
540 799 724 859 erscheinen.
774 801 813 856 So
848 800 1030 859 narnentlich
1055 797 1082 861 Τ
1108 798 1135 861 F
1159 798 1187 860 L
1213 849 1218 860 .
1246 849 1251 859 .
1279 848 1285 861 .
1322 797 1451 860 aucer

282 905 307 970 O
332 904 355 972 S
379 904 471 991 (ganz
495 909 666 985 abgesehen
690 907 836 967 nattirlich
861 927 920 965 von
955 928 1053 968 neuen
1078 913 1156 968 Sata·
1181 911 1254 969 oder
1278 909 1447 967 Abschnitt-

281 1012 474 1103 antangen).‹t
504 1019 609 1093 Neque
634 1016 722 1092 igitur
746 1016 924 1075 crediderim
950 1012 977 1075 E
1002 1013 1075 1079 etV
1104 1020 1215 1077 litteras
1246 1017 1447 1094 longiusculas

281 1127 454 1202 quantitatis
479 1126 690 1201 exprimendae
714 1143 803 1182 causa
827 1143 892 1182 esse
916 1125 1050 1201 scriptas,

279 1319 361 1401 III.
390 1319 454 1400 De
475 1317 698 1399 fructibus
719 1339 775 1400 ex
795 1317 996 1420 apicibus
1021 1317 1100 1399 eti
1125 1317 1271 1418 longis
1291 1317 1449 1418 captis.

387 1467 468 1524 Sicut
492 1466 576 1523 initio
601 1466 840 1524 commentarioli
865 1466 923 1524 mei
948 1467 1007 1524 iam
1032 1465 1102 1535 dixi,
1130 1466 1180 1523 ubi
1204 1465 1234 1522 in
1257 1466 1381 1540 syllabis
1398 1486 1450 1541 po·

279 1575 387 1633 sitione
410 1574 508 1650 longis
533 1592 579 1631 ars
602 1573 727 1631 metrica
749 1592 805 1630 nos
829 1574 954 1649 impedit
972 1593 1010 1632 ne
1027 1573 1175 1632 vocalium
1194 1584 1330 1631 naturam
1348 1593 1449 1632 veram

279 1700 508 1759 cognoscamus,
541 1681 626 1757 signa
660 1681 812 1766 graphica,
851 1682 889 1740 de
924 1681 1031 1757 quibus
1067 1682 1190 1757 agimus,
1227 1681 1346 1739 maximi
1382 1691 1451 1739 sunt

279 1790 431 1848 momenti.
469 1792 573 1847 Restat
589 1789 686 1864 igitur,
705 1799 736 1847 ut
752 1788 942 1858 disseramus
962 1800 1108 1863 quatenus
1133 1790 1233 1864 apices
1258 1799 1286 1847 et
1304 1784 1322 1848 I
1338 1790 1449 1864 longae

278 1917 334 1956 nos
358 1897 498 1956 certiores
523 1895 632 1954 saciant
656 1886 694 1954 (le
717 1896 872 1954 vocalibus
904 1896 1020 1954 duabus
1055 1897 1292 1954 consonantibus
1331 1906 1449 1953 antece-

279 2004 428 2063 dentibus,
476 2004 522 2060 Ac
546 2003 673 2078 primum
696 2004 853 2077 loquamur
882 2004 920 2061 de
955 2003 990 2061 iis
1026 2005 1113 2061 rebus
1148 2003 1297 2080 gravibus
1323 2022 1449 2078 quarum

278 2110 465 2190 grammatici
489 2110 589 2169 Latini
612 2098 795 2168 mentionem
819 2111 960 2170 fecerunt.

730 2256 754 2292 1.
779 2237 828 2294 NS
853 2248 882 2295 et
905 2239 966 2296 NF.
982 2234 1009 2321 ¹)

384 2345 504 2406 Nemini
528 2356 572 2404 est
596 2345 729 2421 ignotum
754 2347 939 2421 praeclarum
964 2347 1037 2405 illud
1062 2347 1269 2405 Ciceronis
1294 2347 1332 2405 de
1350 2365 1408 2403 con
1420 2358 1450 2405 et

277 2457 307 2514 in
331 2455 512 2530 syllabarum
537 2455 734 2529 praefixorum
760 2466 828 2512 ante
852 2457 862 2512 t
886 2466 915 2513 et
938 2477 951 2513 s
976 2456 1218 2532 pronuntiatione
1235 2454 1448 2513 testimonium.

276 2564 359 2621 Dicit
383 2563 461 2621 enim
485 2561 516 2619 in
542 2562 625 2621 Orat.
654 2566 693 2633 48
719 2561 739 2638 ξ
768 2578 846 2637 159:
877 2563 978 2636 »Quid
996 2583 1066 2621 vero
1090 2565 1148 2620 hoc
1173 2563 1346 2638 elegantius,
1365 2563 1450 2637 quod

277 2691 339 2729 non
363 2671 396 2728 fit
419 2680 533 2739 natura,
559 2669 613 2727 sed
637 2669 770 2742 quodam
806 2669 961 2728 instituto?
990 2670 1164 2729 aindoctusr
1204 2671 1329 2728 dicimus
1365 2670 1449 2728 brevi

279 2779 376 2855 prima
407 2777 512 2846 littera,
553 2776 709 2834 »insanus«
749 2777 904 2851 producta,
942 2777 1156 2835 »inhumanus«
1184 2777 1277 2845 brevi,
1307 2776 1444 2834 »infelix«

277 2889 388 2963 longa3
413 2895 442 2942 et
464 2904 503 2942 ne
526 2883 644 2941 multis:
671 2883 778 2958 quibus
804 2884 834 2941 in
857 2885 955 2943 verbis
994 2904 1048 2943 eae
1072 2885 1185 2960 primae
1220 2885 1334 2943 litterae
1370 2895 1448 2954 sunt,

279 3012 355 3070 quae
379 2993 409 3049 in
439 2990 608 3066 »sapiente«
638 3002 726 3065 atque
755 2992 890 3063 »felice«,
916 2994 1061 3068 producte
1085 2993 1192 3051 dicitur
1220 2993 1299 3061 tin«,
1318 2992 1347 3048 in
1372 3002 1448 3050 cete-

277 3102 315 3161 ris
352 3099 492 3159 omnibus
529 3098 666 3167 breviter,
704 3099 835 3173 itemque
875 3085 1050 3175 »conposuit
1083 3100 1236 3158 consuevit
1275 3087 1450 3175 concrepuit

278 3208 437 3268 confecit«
488 3207 595 3280 Neque
618 3216 718 3263 tamen
755 3207 846 3264 modo
884 3209 942 3264 hoc
978 3208 1181 3265 testimonium
1205 3227 1222 3264 a
1244 3208 1448 3282 grammaticis

278 3316 392 3377 Latinis
405 3333 495 3390 saepe
511 3314 666 3389 repetitum
684 3313 744 3372 dici
761 3333 850 3389 posse
867 3315 904 3373 de
922 3316 1095 3390 compositis
1112 3315 1365 3391 praepositionum
1385 3316 1447 3374 illa-

278 3444 351 3495 rum,
369 3423 423 3481 sed
447 3422 477 3478 in
495 3421 662 3480 universum
688 3441 722 3478 ns
746 3433 775 3480 et
799 3423 834 3479 ns
847 3433 1048 3481 consonantes
1065 3423 1200 3480 vocalem
1219 3423 1446 3481 antecedentem
1462 3446 1464 3451 ·

278 3531 455 3610 produxisse
479 3530 606 3605 primum
630 3550 647 3587 a
671 3529 831 3587 Schmitzio
856 3530 1089 3589 demonstratum
1115 3540 1158 3588 est
1181 3542 1269 3604 atque
1293 3549 1372 3587 nunc
1403 3543 1448 3589 est

279 3640 382 3717 opinio
417 3637 595 3708 communis
633 3656 711 3712 (luae
746 3639 939 3696 confirmatur
973 3638 1233 3714 grammaticorum
1269 3638 1447 3696 testimoniis

280 3758 370 3822 atque
394 3745 546 3822 permultis
576 3744 802 3820 inscriptionum
827 3746 924 3803 verbis
949 3746 1083 3820 aplestia,
1108 3764 1215 3820 graece
1239 3746 1446 3821 transscriptiS,

278 3849 412 3930 Ilonga
435 3852 592 3911 exornatis.
642 3853 911 3910 Grammaticorum
935 3852 1105 3911 testimonia
1127 3852 1301 3927 gravissima
1333 3852 1363 3910 in
1388 3872 1447 3912 me·

279 3961 361 4020 dium
386 3960 513 4035 profero
552 3959 777 4035 Participiorum
802 3960 882 4019 enim
906 3960 1129 4018 terminationes
1147 3979 1201 4017 ans
1218 3970 1246 4018 et
1264 3979 1315 4017 ens
1340 3970 1446 4018 natura

278 4070 386 4144 longas
425 4083 490 4125 esse
525 4067 639 4125 Probus
675 4067 765 4144 (Keil.
804 4069 840 4126 G.
867 4070 900 4125 L.
926 4070 978 4137 IV,
996 4084 1066 4143 245,
1094 4072 1222 4142 8-153
1247 4069 1299 4137 Ν,
1320 4085 1446 4145 247‚93

391 4294 410 4359 ¹)
429 4297 584 4346 Corssen
613 4298 634 4363 Ι,
664 4313 689 4360 ρ,
710 4306 859 4359 257-259.
899 4296 1060 4362 Schmitz,
1090 4295 1204 4359 Beitrilge
1233 4310 1295 4359 p.3
1324 4314 1379 4360 sqq.
1402 4308 1445 4365 25,

281 4399 324 4455 27,
346 4400 388 4455 30,
410 4400 452 4451 32,
492 4387 666 4451 Buenger.
688 4387 774 4450 Progr.
795 4387 927 4450 Argentor‚
951 4386 1027 4453 1880,
1049 4401 1072 4451 p,
1094 4395 1119 4447 5-
1157 4386 1266 4451 Marx,
1289 4387 1447 4437 lllilisbtich·

279 4477 329 4530 lein
348 4493 374 4541 p.
399 4490 421 4526 1.
461 4477 650 4530 Seelntana
668 4491 694 4541 p.
719 4486 761 4537 77.
783 4476 826 4537 89.
