3172 5264
704 261 902 323 -5..

210 443 269 518 Qui
304 443 530 519 inscriptionem
566 441 671 500 aetatis
702 442 888 501 Claudianae
925 443 1053 519 priorem
1089 442 1254 519 insculpsit,
1280 444 1378 504 studio

211 551 325 626 antiqui
350 550 497 610 adductus
521 560 624 608 notam
661 550 753 625 apicis
778 552 929 625 vulgarem
954 550 1071 609 videtur
1106 553 1275 610 mutavisse.
1324 555 1381 611 Re·

209 659 320 734 peritur
343 659 408 716 int
397 659 482 716 titulo
514 658 565 716 illo
598 661 751 733 prlaeter
738 642 935 727 INVlCTAl,
950 678 1038 734 supra
1055 660 1136 733 quod
1154 679 1230 735 apex
1247 661 1379 719 ancisus

212 777 299 833 extat,
320 768 477 826 ORFITO
514 767 596 840 quod
628 766 712 822 obt
701 765 975 840 transscriptionem
1011 785 1150 841 graecam
1185 768 1379 868 (lpqirrogC.

209 876 294 933 Ι..ΙΑ
298 873 1124 949 ltozoaddappc...]G2169dubitat10nemaffert
1135 875 1301 935 etSERat
1303 851 1379 945 ΙΑΙ,

209 982 260 1039 ubi
278 1001 355 1056 apex
380 981 461 1057 prior
485 982 563 1038 male
587 980 704 1055 positus
729 990 773 1038 est
797 999 851 1055 srq
854 1000 885 1038 ra
901 980 946 1037 litt
923 990 1028 1038 ettram
1045 980 1254 1041 Claudianam
1303 984 1381 1041 Seel-

210 1089 311 1147 manni
349 1088 623 1163 interpretationem
658 1087 816 1162 permiram
853 1087 914 1156 (cfr.
940 1087 1015 1144 infra
1138 1087 1147 1166 )
1183 1089 1381 1164 comprobare

208 1216 336 1272 nequeo
384 1197 467 1254 Alter
490 1196 590 1253 titulus
615 1205 659 1252 est
682 1195 859 1253 Numidicus
884 1195 998 1252 Cediae
1023 1205 1165 1270 repertus,
1192 1195 1221 1252 in
1254 1216 1314 1271 quo
1339 1198 1378 1256 le-

207 1306 303 1381 gimus
321 1287 400 1360 oar
414 1299 545 1385 (unctus)
559 1287 635 1360 asa
649 1286 835 1360 sunuoru
848 1285 901 1358 br
914 1285 1136 1360 arcanum*
1149 1286 1376 1362 caurensis

212 1395 495 1470 PECKATORES.
545 1410 698 1483 Quoniam
723 1410 754 1466 in
777 1410 880 1466 Africa
902 1409 999 1466 nullus
1025 1411 1086 1467 sere
1111 1410 1211 1468 titulus
1236 1412 1380 1486 reperitur

210 1520 344 1595 apicatus
368 1519 542 1594 praesertim
566 1537 633 1575 cum
658 1517 816 1575 verborum
840 1517 968 1592 plurium
992 1517 1124 1592 virgulae
1153 1518 1264 1577 idonea
1288 1520 1378 1595 expli-

210 1627 328 1685 catione
352 1637 481 1695 careant,
506 1626 545 1684 de
569 1625 706 1700 apicibus
730 1624 769 1682 ad
792 1625 911 1681 vocales
941 1624 1102 1699 productas
1139 1626 1281 1684 adhibitis
1317 1647 1378 1684 non

208 1746 280 1810 puto
305 1753 370 1792 esse
387 1732 590 1808 cogitandum.
640 1735 735 1790 Immo
753 1750 823 1788 vero
841 1742 1049 1789 ornamentum
1067 1732 1220 1806 quoddam
1245 1733 1378 1809 ineptum

207 1842 436 1900 existimandum
461 1849 504 1899 e'st
528 1840 610 1916 quod
633 1839 765 1914 lapicida
784 1841 807 1896 E
831 1838 929 1896 vocali
952 1838 1007 1895 soli
1039 1839 1157 1897 adicere
1180 1841 1281 1899 voluit.
1331 1844 1378 1899 In-

207 1949 399 2024 scriptionem
423 1949 623 2006 Christianam
648 1946 820 2004 recentioris
844 1964 909 2004 esse
933 1945 1038 2004 aetatis
1062 1959 1186 2022 apparet
1210 1967 1287 2023 quae
1312 1950 1377 2025 ipsa

207 2058 311 2116 suadet
340 2077 378 2115 ne
414 2057 538 2113 nimium
575 2055 701 2130 pretium
738 2054 795 2111 illis
831 2054 967 2129 apicibus
1002 2063 1175 2112 statuamus.
1222 2059 1379 2116 Praeterea

207 2164 488 2223 commemorandus
514 2173 557 2220 est
573 2162 673 2218 titulus
693 2160 877 2218 llalmaticus
902 2160 1273 2240 cuiusKellermannus1)
1297 2184 1376 2223 men·

207 2273 320 2329 tionem
359 2271 437 2327 fecit.
486 2269 657 2327 Invenimus
694 2269 741 2325 hic
766 2268 883 2343 apicem
908 2268 1057 2326 diversum
1090 2288 1177 2345 supra
1202 2253 1378 2354 lNVlC(t0)

209 2363 541 2460 iNCot.VMr'rAT(e)
576 2360 686 2452 bist’,
704 2386 734 2433 ut
752 2387 840 2434 antea
857 2394 923 2432 cum
941 2395 957 2434 e
974 2377 1080 2447 vocali,
1099 2378 1141 2434 ita
1157 2397 1238 2435 nunc
1254 2379 1376 2453 quidem

207 2486 304 2543 cumi
328 2485 427 2542 vocali
464 2485 582 2542 coaluit.
632 2484 785 2558 Quoniam
822 2494 920 2542 autem
956 2484 1065 2554 titulus
1092 2497 1122 2545 ut
1146 2487 1376 2546 Kellermannns

206 2604 285 2652 recte
309 2603 420 2660 monet,
446 2611 505 2650 non
540 2603 639 2667 potest
674 2603 743 2650 ante
768 2591 943 2649 Caracallae
979 2603 1114 2667 tempora
1150 2594 1264 2669 positus
1301 2615 1375 2665 esse,

206 2701 389 2759 conicienrus
421 2700 471 2757 illa
508 2711 683 2757 ornamenta
706 2699 862 2756 vocalibus
898 2699 1021 2774 singulis
1059 2700 1178 2759 adiecta
1212 2703 1377 2777 posteriore

152 2851 153 2856 .
205 2811 325 2868 demum
352 2821 449 2869 aetate
474 2813 622 2870 Caesarea
646 2811 675 2868 in
700 2830 786 2868 usum
811 2809 939 2868 venisse.

313 2921 358 2976 De
383 2921 477 2994 figura
502 2930 643 2977 accurata
667 2920 751 2994 plura
774 2920 868 2976 verba
891 2918 990 2976 facere
1015 2920 1195 2993 superfluum
1220 2931 1272 2980 est.
1312 2923 1377 2979 Per-

205 3044 295 3100 saepe
319 3026 349 3082 in
374 3026 465 3083 titulis
490 3027 569 3083 male
594 3025 777 3083 conservatis
801 3026 847 3082 vel
873 3025 1001 3082 corrosis
1025 3026 1073 3082 vix
1098 3036 1196 3102 potest
1221 3028 1281 3086 dici
1306 3047 1376 3104 qua-

204 3133 240 3190 lis
264 3133 350 3190 fuerit
375 3133 468 3207 apicis
493 3132 597 3190 forma.
645 3135 751 3207 Itaque
775 3133 833 3190 hoc
857 3133 979 3207 quidem
1011 3133 1132 3191 missum
1170 3135 1250 3227 facip
1287 3145 1376 3211 atque

205 3241 302 3315 potius
326 3241 365 3298 ad
390 3260 436 3299 res
461 3241 610 3316 graviores
635 3252 764 3298 transeo

311 3348 393 3421 Quid
417 3347 473 3404 sibi
497 3348 567 3405 velit
592 3366 677 3422 apex,
704 3347 858 3422 paullatim
895 3348 1015 3406 demum
1053 3349 1280 3423 quaestionibus
1316 3351 1375 3425 epi-

203 3456 352 3532 graphicis
376 3455 515 3513 institutis
540 3455 593 3510 viri
618 3455 699 3512 docti
724 3455 940 3514 intellexerunt.
988 3458 1032 3514 Ex
1057 3457 1258 3531 grammaticis
1276 3458 1375 3514 latinis

204 3564 264 3621 duo
300 3563 416 3637 apicem
452 3573 699 3629 commemorant,
737 3561 939 3635 Quintilianus
975 3573 1002 3620 et
1038 3564 1196 3621 Terentius
1235 3566 1372 3622 Scaurus

204 3671 258 3728 llle
295 3670 384 3738 enim,
410 3669 461 3744 qui
496 3669 613 3744 scripsit
637 3669 803 3726 Domitiani
836 3680 943 3739 aetate,
969 3670 998 3727 in
1023 3671 1212 3728 Institutione
1237 3671 1376 3728 Oratoria

204 3777 248 3856 (Ι,
276 3795 304 3850 7,
333 3797 347 3832 2
375 3777 444 3851 ··3):
475 3777 606 3852 aLongis
630 3777 750 3850 syllabis
775 3777 924 3849 omnibus,
950 3777 1055 3852 inquit,
1081 3779 1233 3853 adponere
1257 3778 1374 3853 apicem

203 3884 419 3960 ineptissimum
445 3894 488 3941 est
513 3883 583 3959 quia
607 3883 752 3958 plurimae
776 3894 880 3941 natura
911 3884 977 3959 ipsa
1001 3885 1083 3942 verbi
1119 3886 1201 3959 quod
1238 3885 1375 3943 scribitur

204 4002 323 4067 patent3
348 3992 401 4050 sed
425 3991 542 4048 interim
568 3990 768 4048 necessarium
795 4011 862 4048 cum
889 3992 995 4048 eadem
1026 3991 1123 4049 littera
1157 3993 1247 4049 alium
1284 4003 1374 4066 atque

205 4099 294 4156 alium
319 4099 501 4157 intellectum
519 4108 606 4173 prout
630 4107 766 4171 correpta
782 4098 829 4155 vel
847 4100 992 4173 producta
1017 4110 1069 4170 est,
1087 4100 1173 4157 facit:
1200 4110 1230 4156 ut
1254 4101 1373 4157 malus

205 4206 341 4264 arborem
367 4206 513 4283 significet
546 4224 585 4263 an
620 4203 772 4262 hominem
808 4225 868 4263 non
904 4207 1017 4264 bonum
1053 4207 1139 4282 apice
1174 4207 1372 4283 distinguitur,

311 4361 329 4431 ¹)
350 4331 569 4414 CsrTQ-tto-nis
585 4361 673 4426 Jahn
697 4362 824 4426 specimen
847 4363 1034 4427 epigraphicum
1051 4365 1075 4413 in
1094 4380 1198 4417 memor.
1216 4365 1258 4413 01.
1272 4365 1370 4417 Keller·

208 4453 302 4512 manni,
326 4454 411 4505 Kiliae
434 4454 509 4523 1841,
531 4472 557 4522 p.
583 4463 641 4517 105.
