3172 5264
703 233 898 289 t,-

208 410 323 486 apicem
348 429 413 469 esse
437 420 570 482 censent,
585 404 609 488 ¹)
633 410 686 470 sed
711 431 728 470 a
756 430 826 470 vero
850 413 939 487 plane
976 412 1094 470 aberrat
1131 412 1232 488 apices
1256 412 1378 488 syllabis

139 596 142 601 Δ
209 537 270 576 non
295 519 386 577 modo
411 529 525 589 natura,
544 537 645 576 verum
670 519 759 577 etiarn
783 519 934 594 positione
958 520 1112 595 productis
1136 520 1290 596 appositos
1314 539 1379 579 esse

209 637 295 684 ratus.
343 621 514 703 (Praeterea
537 625 638 699 apices
656 626 704 682 hic
720 626 780 683 illic
797 626 954 685 confundit
972 646 1040 684 cunr
1056 627 1148 703 signis
1165 628 1247 685 verbi
1264 628 1379 686 litterae

209 735 329 792 ultimae
354 731 484 812 additis).
532 734 671 808 Namque
694 744 818 792 annotat
841 735 860 791 l.
879 735 897 791 l.
923 754 952 809 p.
973 751 1032 811 92:
1063 737 1115 791 xln
1132 753 1207 793 voce
1230 718 1377 794 NOTES·

209 843 346 900 CERET
370 842 519 899 secundus
544 859 620 916 apex
645 841 799 916 appositus
824 851 868 900 est
892 843 1026 917 syllabae
1051 843 1115 900 sola
1138 842 1378 924 positionepro-

209 948 317 1007 ductae
342 949 424 1023 quod
448 948 570 1022 quidem
595 948 687 1005 rarius
712 948 775 1006 fieri
800 949 903 1006 solet«

314 1057 385 1114 Post
407 1055 553 1113 Ritterum
578 1056 671 1113 Olaus
696 1055 999 1113 Kellermannus
1023 1056 1061 1114 de
1075 1055 1210 1130 apicibus
1225 1056 1376 1131 copiosius

208 1163 275 1238 egit.
302 1155 396 1243 (lc.)
443 1163 526 1221 Idem
552 1174 635 1238 putat
668 1164 756 1221 >haec
779 1164 866 1238 signa
889 1174 939 1220 aut
962 1183 1023 1221 non
1059 1182 1124 1222 esse
1149 1183 1233 1222 veros
1270 1183 1375 1222 accen-

207 1280 252 1329 tus
278 1281 328 1327 aut
351 1270 375 1327 si
399 1281 497 1328 essent
520 1281 580 1328 tam
604 1271 790 1346 negligenter
815 1282 843 1329 et
867 1271 951 1346 quasi
975 1289 1029 1345 pro
1054 1270 1148 1328 lubito
1172 1271 1272 1346 posita
1309 1290 1375 1330 esse

208 1397 226 1434 a
249 1377 457 1451 sculptoribus,
484 1388 515 1435 ut
538 1397 600 1435 non
624 1378 680 1435 nisi
705 1398 770 1436 raro
795 1398 862 1436 cum
887 1379 995 1454 regulis
1020 1379 1215 1437 concinerent
1238 1397 1312 1454 quas
1337 1379 1376 1437 de

207 1495 332 1543 accentu
356 1486 387 1542 in
411 1505 465 1543 usu
490 1486 580 1544 fuisse
605 1486 743 1544 scimussv
796 1487 895 1559 Quam
922 1496 1063 1544 accentus
1088 1486 1165 1543 illius
1189 1505 1290 1544 veram
1326 1506 1376 1544 na·

208 1602 301 1649 turam
338 1593 524 1662 intellexerit,
558 1595 789 1651 Kellermannus
825 1595 907 1651 nullo
931 1594 1023 1650 verbo
1058 1593 1141 1663 dixit,
1178 1593 1280 1668 utique
1315 1611 1376 1650 non

207 1700 357 1774 perspexit
389 1700 483 1775 apicis
520 1701 578 1757 vim
614 1700 765 1775 propriam
802 1719 838 1758 ac
873 1710 1061 1776 potestatem.
1116 1700 1222 1775 Neque
1258 1699 1375 1774 apicem

206 1818 343 1865 accurate
356 1826 374 1864 a
386 1816 458 1864 nota
471 1807 643 1882 compendii
657 1825 754 1881 neque
768 1827 785 1865 a
798 1807 910 1865 sicilico
924 1807 974 1882 qni
987 1818 1109 1865 vocatur
1121 1807 1290 1865 distinxisse
1304 1826 1371 1865 eum

205 1913 283 1972 inira
306 1914 482 1972 videbimus.
508 1916 586 1972 Vere
610 1915 648 1973 de
673 1915 760 1990 apice
784 1915 1017 1972 Schmitzius
1042 1914 1375 1990 Ritscheliusque

205 2021 419 2080 iudicaverunt.
467 2023 521 2079 llle
557 2022 635 2079 enim
672 2023 702 2078 in
738 2022 1042 2080 commentatiuncula
1078 2041 1157 2079 anno
1193 2023 1221 2080 h.
1256 2040 1279 2079 s.
1304 2022 1374 2080 LVI

206 2129 315 2203 scripta
338 2129 444 2186 Ritteri
481 2128 624 2203 opinione
659 2129 769 2186 reiecta
792 2129 946 2186 vocalibus
983 2130 1047 2187 sola
1081 2140 1187 2187 natura
1221 2129 1374 2205 productis

205 2236 306 2310 apices
330 2235 486 2310 impositos
510 2254 575 2293 esse
599 2236 746 2293 conclusit
771 2246 861 2310 atque
884 2236 1065 2295 Ritschelius
1098 2237 1137 2295 ad
1172 2237 1248 2294 haec
1282 2256 1374 2294 anno·

204 2343 293 2404 tavit:
324 2343 448 2400 illieser
472 2343 592 2400 Schluss
618 2343 723 2400 beruht
748 2344 801 2401 auf
818 2344 871 2402 der
894 2363 970 2401 zwar
993 2344 1039 2401 bis
1060 2346 1130 2420 jetzt
1154 2344 1237 2402 nicht
1267 2344 1373 2402 bewie·

205 2469 307 2519 senen,
333 2451 406 2508 aber
429 2451 605 2509 demnatchst
637 2471 675 2509 an
710 2452 809 2510 einem
846 2451 960 2510 andern
985 2452 1058 2511 Orte
1092 2471 1128 2509 zu
1163 2451 1373 2510 beweisenden

206 2557 391 2626 Gewissheit‚
418 2559 487 2617 dass
511 2559 561 2618 die
577 2560 733 2617 ialschlich
750 2570 959 2634 sogenannten
976 2562 1119 2629 Accente,
1138 2559 1243 2634 richtig
1260 2559 1372 2634 apiceS,

204 2666 258 2722 auf
276 2666 470 2724 lateinischen
488 2667 665 2725 lnschriften
683 2668 731 2726 nie
749 2667 810 2725 und
827 2667 953 2742 nirgend
972 2677 1062 2725 etwas
1081 2667 1207 2725 anderes
1223 2667 1373 2724 bedeuten
1394 2652 1396 2657 ¹

205 2773 265 2831 und
290 2774 440 2832 bedeuten
468 2775 576 2832 sollten
601 2777 644 2833 als
668 2776 926 2851 Naturlange
961 2775 1028 2832 des
1051 2776 1230 2832 Vokalsc
1281 2773 1373 2831 Nimi-

204 2900 267 2938 rum
292 2881 340 2938 hic
365 2900 486 2957 quoque
510 2883 674 2957 scripturae
699 2892 800 2941 extant
824 2902 902 2957 quae
937 2882 1071 2941 nondum
1108 2882 1279 2956 exploratae
1315 2881 1373 2938 sint

204 3000 292 3063 atque
317 3009 390 3064 quas
415 2992 601 3065 exploratum
625 2991 660 3048 iri
684 2993 807 3049 fortasse
832 3010 993 3070 nunquam
1012 2989 1106 3065 possit
1122 2989 1242 3065 sperari.
1281 2989 1372 3062 Quod

204 3108 317 3154 tantum
341 3097 427 3154 abest
450 3108 481 3155 ut
505 3108 636 3155 nostram
662 3099 699 3156 de
723 3098 816 3172 apicis
841 3098 869 3154 vi
894 3117 929 3156 ac
947 3108 1050 3155 natura
1067 3097 1241 3172 opinionem
1259 3097 1372 3155 refellat

203 3215 234 3261 ut
258 3205 347 3262 etiam
371 3205 557 3279 comprobet,
583 3188 831 3279 quandoquidem
856 3205 1003 3280 exceptio,
1021 3205 1096 3262 sicut
1113 3205 1213 3263 dicere
1230 3205 1370 3275 solemus

203 3313 300 3370 firmat
324 3313 467 3388 regulam.

309 3421 374 3477 lam
398 3419 422 3476 si
447 3420 615 3494 quaerimus
640 3438 700 3493 quo
723 3428 858 3494 tempore
882 3419 1011 3476 Romani
1036 3419 1122 3495 apice
1162 3419 1205 3476 usi
1241 3419 1299 3477 sint
1322 3439 1371 3477 ne-

203 3528 364 3585 cessarium
395 3538 438 3586 est
472 3528 576 3602 paucis
612 3539 725 3585 ceteras
750 3527 898 3585 vocalium
934 3527 1107 3601 quantitatis
1142 3526 1371 3602 distinguendae

203 3635 333 3694 rationes
357 3635 387 3692 in
412 3635 542 3693 medium
567 3636 707 3711 proferre.
756 3634 881 3693 Constat
906 3635 938 3691 L.
957 3634 1082 3691 Accium
1107 3643 1237 3709 poetam,
1260 3645 1291 3693 ut
1315 3635 1370 3709 syl-

312 3952 329 4021 l)
350 3956 379 4002 F.
395 3955 516 4016 Ritter,
537 3953 662 4001 Elenrent.
683 3970 789 4015 gramm.
811 3954 880 4007 latin.
900 3952 946 4000 lib.
959 3953 970 3999 I
984 3953 1077 4016 (nerol.
1094 3953 1209 4019 1831)p.
1227 3952 1273 4012 78:
1293 3969 1370 4017 »quas

204 4043 269 4108 (scil.
290 4045 388 4108 apicum
408 4044 517 4108 notulas)
537 4052 653 4091 accentus
672 4043 745 4106 signa
765 4060 819 4091 esse
840 4043 952 4090 nonrmlli
979 4043 1162 4090 existimarunt:
1186 4043 1254 4106 quod
1283 4042 1303 4089 si
1333 4051 1370 4090 est

204 4150 297 4191 verum,
319 4144 342 4182 ct
362 4134 519 4197 antiquorum
539 4133 757 4196 grammaticorum
777 4144 801 4180 et
822 4148 877 4179 mea
897 4142 1013 4180 accentus
1027 4131 1097 4180 latini
1111 4132 1225 4180 doctriua
1241 4142 1281 4179 aut
1295 4133 1369 4194 plane

204 4225 313 4271 concidit
333 4233 374 4271 aut
393 4239 457 4272 certe
478 4240 630 4285 magnopere
649 4223 825 4279 labefactatur,
850 4238 907 4269 nam
935 4222 1035 4270 notulae
1064 4222 1121 4270 illac
1150 4238 1238 4270 vocum
1267 4221 1369 4284 syllabis

203 4312 237 4359 ita
257 4312 399 4377 plerumque
419 4313 551 4377 impositae
571 4322 636 4379 sunt,
659 4321 684 4361 ut
703 4328 758 4363 cum
779 4312 886 4377 vulgaris
907 4320 1023 4362 accentus
1042 4311 1134 4376 regulis
1153 4311 1282 4364 conciliari
1301 4310 1369 4363 nullo

204 4401 282 4451 modo
301 4403 424 4466 possint«
