<?xml version="1.0" encoding="UTF-8"?>
<!DOCTYPE html PUBLIC "-//W3C//DTD XHTML 1.0 Transitional//EN"
    "http://www.w3.org/TR/xhtml1/DTD/xhtml1-transitional.dtd">
<html xmlns="http://www.w3.org/1999/xhtml" xml:lang="en" lang="en">
 <head>
  <title>
</title>
<meta http-equiv="Content-Type" content="text/html;charset=utf-8" />
  <meta name='ocr-system' content='tesseract 3.04.00' />
  <meta name='ocr-capabilities' content='ocr_page ocr_carea ocr_par ocr_line ocrx_word'/>
</head>
<body>
  <div class='ocr_page' id='page_1' title='image "./deapicibusetilo00chrigoog_0017.png"; bbox 0 0 3172 5264; ppageno 0'>
   <div class='ocr_carea' id='block_1_1' title="bbox 155 378 158 403">
    <p class='ocr_par' dir='ltr' id='par_1_1' title="bbox 155 378 158 403">
     <span class='ocr_line' id='line_1_1' title="bbox 155 378 158 403; baseline 0 0"><span class='ocrx_word' id='word_1_1' title='bbox 155 378 158 403; x_wconf 93' lang='lat' dir='ltr'>l</span> 
     </span>
    </p>
   </div>
   <div class='ocr_carea' id='block_1_2' title="bbox 686 240 883 294">
    <p class='ocr_par' dir='ltr' id='par_1_2' title="bbox 686 240 883 294">
     <span class='ocr_line' id='line_1_2' title="bbox 686 240 883 294; baseline 0 -16"><span class='ocrx_word' id='word_1_2' title='bbox 686 240 883 294; x_wconf 67' lang='grc'>.-8,</span> 
     </span>
    </p>
   </div>
   <div class='ocr_carea' id='block_1_3' title="bbox 194 434 1363 514">
    <p class='ocr_par' dir='ltr' id='par_1_3' title="bbox 194 434 1363 514">
     <span class='ocr_line' id='line_1_3' title="bbox 194 434 1363 514; baseline 0.005 -22"><span class='ocrx_word' id='word_1_3' title='bbox 194 436 278 493; x_wconf 87' lang='lat' dir='ltr'>labas</span> <span class='ocrx_word' id='word_1_4' title='bbox 303 434 488 510; x_wconf 85' lang='lat' dir='ltr'>produceret,</span> <span class='ocrx_word' id='word_1_5' title='bbox 515 435 663 492; x_wconf 80' lang='lat' dir='ltr'>vocalium</span> <span class='ocrx_word' id='word_1_6' title='bbox 686 435 936 511; x_wconf 79' lang='lat' dir='ltr'>geminandorum</span> <span class='ocrx_word' id='word_1_7' title='bbox 954 447 1105 496; x_wconf 80' lang='lat' dir='ltr'>auctorem</span> <span class='ocrx_word' id='word_1_8' title='bbox 1123 439 1220 497; x_wconf 84' lang='lat' dir='ltr'>luisse.</span> <span class='ocrx_word' id='word_1_9' title='bbox 1257 441 1363 514; x_wconf 80' lang='lat' dir='ltr'><strong>Neque</strong></span> 
     </span>
    </p>
   </div>
   <div class='ocr_carea' id='block_1_4' title="bbox 163 543 1434 621">
    <p class='ocr_par' dir='ltr' id='par_1_4' title="bbox 163 543 1434 621">
     <span class='ocr_line' id='line_1_4' title="bbox 163 543 1434 621; baseline 0.006 -20"><span class='ocrx_word' id='word_1_10' title='bbox 163 592 165 601; x_wconf 84' lang='lat'>.</span> <span class='ocrx_word' id='word_1_11' title='bbox 196 553 296 601; x_wconf 91' lang='lat' dir='ltr'>tamen</span> <span class='ocrx_word' id='word_1_12' title='bbox 321 561 425 600; x_wconf 89' lang='lat' dir='ltr'>omnes</span> <span class='ocrx_word' id='word_1_13' title='bbox 450 543 568 601; x_wconf 88' lang='lat' dir='ltr'>vocales</span> <span class='ocrx_word' id='word_1_14' title='bbox 594 543 702 600; x_wconf 73' lang='lat' dir='ltr'>Accius</span> <span class='ocrx_word' id='word_1_15' title='bbox 726 545 899 619; x_wconf 83' lang='lat' dir='ltr'>geminabat</span> <span class='ocrx_word' id='word_1_16' title='bbox 933 547 1187 621; x_wconf 74' lang='lat' dir='ltr'>producebatque,</span> <span class='ocrx_word' id='word_1_17' title='bbox 1213 549 1266 606; x_wconf 86' lang='lat' dir='ltr'>scd</span> <span class='ocrx_word' id='word_1_18' title='bbox 1301 559 1363 606; x_wconf 88' lang='lat' dir='ltr'>tan·</span> <span class='ocrx_word' id='word_1_19' title='bbox 1431 604 1434 609; x_wconf 17' lang='lat' dir='ltr'>a</span> 
     </span>
    </p>
   </div>
   <div class='ocr_carea' id='block_1_5' title="bbox 196 645 1364 2448">
    <p class='ocr_par' dir='ltr' id='par_1_5' title="bbox 196 645 1364 2448">
     <span class='ocr_line' id='line_1_5' title="bbox 197 645 1364 728; baseline 0.003 -20"><span class='ocrx_word' id='word_1_20' title='bbox 197 661 259 708; x_wconf 93' lang='lat' dir='ltr'>tum</span> <span class='ocrx_word' id='word_1_21' title='bbox 283 652 319 719; x_wconf 87' lang='lat' dir='ltr'>A,</span> <span class='ocrx_word' id='word_1_22' title='bbox 335 651 369 720; x_wconf 87' lang='lat' dir='ltr'>E,</span> <span class='ocrx_word' id='word_1_23' title='bbox 385 651 421 708; x_wconf 94' lang='lat' dir='ltr'>V.</span> <span class='ocrx_word' id='word_1_24' title='bbox 470 652 526 707; x_wconf 88' lang='lat' dir='ltr'>Pro</span> <span class='ocrx_word' id='word_1_25' title='bbox 551 645 569 708; x_wconf 92' lang='lat' dir='ltr'>I</span> <span class='ocrx_word' id='word_1_26' title='bbox 592 650 687 708; x_wconf 86' lang='lat' dir='ltr'>vocali</span> <span class='ocrx_word' id='word_1_27' title='bbox 712 651 862 726; x_wconf 87' lang='lat' dir='ltr'>geminata</span> <span class='ocrx_word' id='word_1_28' title='bbox 886 652 1060 728; x_wconf 79' lang='lat' dir='ltr'>scripturam</span> <span class='ocrx_word' id='word_1_29' title='bbox 1085 651 1124 710; x_wconf 90' lang='lat' dir='ltr'>El</span> <span class='ocrx_word' id='word_1_30' title='bbox 1149 655 1322 713; x_wconf 89' lang='lat' dir='ltr'>iamdudum</span> <span class='ocrx_word' id='word_1_31' title='bbox 1347 676 1364 712; x_wconf 88' lang='lat' dir='ltr'>a</span> 
     </span>
     <span class='ocr_line' id='line_1_6' title="bbox 198 755 1361 836; baseline 0.004 -21"><span class='ocrx_word' id='word_1_32' title='bbox 198 757 347 815; x_wconf 84' lang='lat' dir='ltr'>Romanis</span> <span class='ocrx_word' id='word_1_33' title='bbox 371 756 508 814; x_wconf 84' lang='lat' dir='ltr'>usitatam</span> <span class='ocrx_word' id='word_1_34' title='bbox 533 755 678 826; x_wconf 85' lang='lat' dir='ltr'>adhibuit,</span> <span class='ocrx_word' id='word_1_35' title='bbox 697 758 832 815; x_wconf 89' lang='lat' dir='ltr'>vocalem</span> <span class='ocrx_word' id='word_1_36' title='bbox 850 759 877 817; x_wconf 91' lang='lat' dir='ltr'>O</span> <span class='ocrx_word' id='word_1_37' title='bbox 894 771 992 817; x_wconf 88' lang='lat' dir='ltr'>autem</span> <span class='ocrx_word' id='word_1_38' title='bbox 1017 761 1086 834; x_wconf 90' lang='lat' dir='ltr'>quia</span> <span class='ocrx_word' id='word_1_39' title='bbox 1104 761 1184 834; x_wconf 82' lang='lat' dir='ltr'>Osci,</span> <span class='ocrx_word' id='word_1_40' title='bbox 1203 781 1219 818; x_wconf 89' lang='lat' dir='ltr'>e</span> <span class='ocrx_word' id='word_1_41' title='bbox 1238 782 1361 836; x_wconf 92' lang='lat' dir='ltr'>quorum</span> 
     </span>
     <span class='ocr_line' id='line_1_7' title="bbox 196 864 1364 942; baseline 0.004 -20"><span class='ocrx_word' id='word_1_42' title='bbox 196 866 299 942; x_wconf 89' lang='lat' dir='ltr'>lingua</span> <span class='ocrx_word' id='word_1_43' title='bbox 322 864 488 941; x_wconf 89' lang='lat' dir='ltr'>geminatas</span> <span class='ocrx_word' id='word_1_44' title='bbox 505 865 624 922; x_wconf 88' lang='lat' dir='ltr'>vocales</span> <span class='ocrx_word' id='word_1_45' title='bbox 642 864 783 922; x_wconf 84' lang='lat' dir='ltr'>delibavit</span> <span class='ocrx_word' id='word_1_46' title='bbox 797 899 839 911; x_wconf 90' lang='lat'>-</span> <span class='ocrx_word' id='word_1_47' title='bbox 852 877 914 924; x_wconf 91' lang='lat' dir='ltr'>erat</span> <span class='ocrx_word' id='word_1_48' title='bbox 931 878 1028 925; x_wconf 89' lang='lat' dir='ltr'>autem</span> <span class='ocrx_word' id='word_1_49' title='bbox 1046 867 1109 942; x_wconf 90' lang='lat' dir='ltr'>ipse</span> <span class='ocrx_word' id='word_1_50' title='bbox 1126 868 1308 927; x_wconf 89' lang='lat' dir='ltr'>Pisaurensis</span> <span class='ocrx_word' id='word_1_51' title='bbox 1322 905 1364 914; x_wconf 67' lang='lat'>--</span> 
     </span>
     <span class='ocr_line' id='line_1_8' title="bbox 198 972 1361 1049; baseline 0.004 -18"><span class='ocrx_word' id='word_1_52' title='bbox 198 973 345 1031; x_wconf 85' lang='lat' dir='ltr'>litteraO</span> <span class='ocrx_word' id='word_1_53' title='bbox 381 973 533 1043; x_wconf 79' lang='lat' dir='ltr'>carebant,</span> <span class='ocrx_word' id='word_1_54' title='bbox 568 972 700 1030; x_wconf 89' lang='lat' dir='ltr'>novandi</span> <span class='ocrx_word' id='word_1_55' title='bbox 735 973 868 1047; x_wconf 91' lang='lat' dir='ltr'>periculo</span> <span class='ocrx_word' id='word_1_56' title='bbox 903 975 1055 1049; x_wconf 87' lang='lat' dir='ltr'>geminare</span> <span class='ocrx_word' id='word_1_57' title='bbox 1090 995 1151 1033; x_wconf 91' lang='lat' dir='ltr'>nou</span> <span class='ocrx_word' id='word_1_58' title='bbox 1187 987 1231 1034; x_wconf 90' lang='lat' dir='ltr'>est</span> <span class='ocrx_word' id='word_1_59' title='bbox 1266 997 1361 1036; x_wconf 87' lang='lat' dir='ltr'>ausus.</span> 
     </span>
     <span class='ocr_line' id='line_1_9' title="bbox 196 1078 1358 1162; baseline 0.003 -24"><span class='ocrx_word' id='word_1_60' title='bbox 196 1079 381 1155; x_wconf 83' lang='lat' dir='ltr'>(POOSSIT</span> <span class='ocrx_word' id='word_1_61' title='bbox 406 1113 447 1122; x_wconf 89' lang='lat'>--</span> <span class='ocrx_word' id='word_1_62' title='bbox 471 1098 525 1154; x_wconf 92' lang='lat' dir='ltr'>pro</span> <span class='ocrx_word' id='word_1_63' title='bbox 549 1091 649 1155; x_wconf 90' lang='lat' dir='ltr'>posset</span> <span class='ocrx_word' id='word_1_64' title='bbox 674 1113 714 1122; x_wconf 92' lang='lat'>-</span> <span class='ocrx_word' id='word_1_65' title='bbox 743 1078 786 1158; x_wconf 68' lang='lat' dir='ltr'>[C.</span> <span class='ocrx_word' id='word_1_66' title='bbox 812 1082 835 1138; x_wconf 93' lang='lat' dir='ltr'>l.</span> <span class='ocrx_word' id='word_1_67' title='bbox 861 1082 894 1138; x_wconf 90' lang='lat' dir='ltr'>L.</span> <span class='ocrx_word' id='word_1_68' title='bbox 920 1083 1117 1158; x_wconf 86' lang='lat' dir='ltr'>Vl,1658b,</span> <span class='ocrx_word' id='word_1_69' title='bbox 1143 1103 1171 1158; x_wconf 89' lang='lat' dir='ltr'>p.</span> <span class='ocrx_word' id='word_1_70' title='bbox 1198 1085 1266 1142; x_wconf 86' lang='lat' dir='ltr'>Chr.</span> <span class='ocrx_word' id='word_1_71' title='bbox 1287 1083 1358 1162; x_wconf 77' lang='lat' dir='ltr'>377l</span> 
     </span>
     <span class='ocr_line' id='line_1_10' title="bbox 196 1186 1362 1264; baseline 0.003 -18"><span class='ocrx_word' id='word_1_72' title='bbox 196 1187 269 1246; x_wconf 92' lang='lat' dir='ltr'>mihi</span> <span class='ocrx_word' id='word_1_73' title='bbox 293 1186 408 1245; x_wconf 92' lang='lat' dir='ltr'>videtur</span> <span class='ocrx_word' id='word_1_74' title='bbox 432 1207 450 1245; x_wconf 89' lang='lat' dir='ltr'>a</span> <span class='ocrx_word' id='word_1_75' title='bbox 473 1187 621 1262; x_wconf 92' lang='lat' dir='ltr'>sculptore</span> <span class='ocrx_word' id='word_1_76' title='bbox 646 1188 724 1245; x_wconf 91' lang='lat' dir='ltr'>male</span> <span class='ocrx_word' id='word_1_77' title='bbox 747 1206 811 1246; x_wconf 90' lang='lat' dir='ltr'>esse</span> <span class='ocrx_word' id='word_1_78' title='bbox 835 1188 1018 1264; x_wconf 89' lang='lat' dir='ltr'>inscriptum.</span> <span class='ocrx_word' id='word_1_79' title='bbox 1067 1191 1126 1247; x_wconf 92' lang='lat' dir='ltr'>Hic</span> <span class='ocrx_word' id='word_1_80' title='bbox 1151 1192 1230 1250; x_wconf 91' lang='lat' dir='ltr'>enim</span> <span class='ocrx_word' id='word_1_81' title='bbox 1248 1193 1362 1250; x_wconf 87' lang='lat' dir='ltr'>litterae</span> 
     </span>
     <span class='ocr_line' id='line_1_11' title="bbox 198 1294 1363 1374; baseline 0.004 -22"><span class='ocrx_word' id='word_1_82' title='bbox 198 1297 221 1352; x_wconf 89' lang='lat' dir='ltr'>P</span> <span class='ocrx_word' id='word_1_83' title='bbox 245 1294 394 1352; x_wconf 89' lang='lat' dir='ltr'>bilabialis</span> <span class='ocrx_word' id='word_1_84' title='bbox 418 1313 509 1352; x_wconf 88' lang='lat' dir='ltr'>causa</span> <span class='ocrx_word' id='word_1_85' title='bbox 534 1295 668 1352; x_wconf 86' lang='lat' dir='ltr'>vocalem</span> <span class='ocrx_word' id='word_1_86' title='bbox 692 1295 826 1371; x_wconf 88' lang='lat' dir='ltr'>-longam</span> <span class='ocrx_word' id='word_1_87' title='bbox 862 1314 926 1354; x_wconf 87' lang='lat' dir='ltr'>esse</span> <span class='ocrx_word' id='word_1_88' title='bbox 960 1297 1098 1372; x_wconf 85' lang='lat' dir='ltr'>scriptam</span> <span class='ocrx_word' id='word_1_89' title='bbox 1135 1299 1200 1372; x_wconf 89' lang='lat' dir='ltr'>quis</span> <span class='ocrx_word' id='word_1_90' title='bbox 1236 1311 1279 1356; x_wconf 88' lang='lat' dir='ltr'>est</span> <span class='ocrx_word' id='word_1_91' title='bbox 1314 1300 1363 1374; x_wconf 92' lang='lat' dir='ltr'>qui</span> 
     </span>
     <span class='ocr_line' id='line_1_12' title="bbox 197 1402 1363 1485; baseline 0.004 -26"><span class='ocrx_word' id='word_1_92' title='bbox 197 1421 265 1460; x_wconf 90' lang='lat' dir='ltr'>cum</span> <span class='ocrx_word' id='word_1_93' title='bbox 290 1403 470 1460; x_wconf 89' lang='lat' dir='ltr'>Seelmanno</span> <span class='ocrx_word' id='word_1_94' title='bbox 494 1435 536 1445; x_wconf 81' lang='lat'>--</span> <span class='ocrx_word' id='word_1_95' title='bbox 561 1403 579 1459; x_wconf 92' lang='lat' dir='ltr'>l.</span> <span class='ocrx_word' id='word_1_96' title='bbox 605 1402 623 1459; x_wconf 92' lang='lat' dir='ltr'>l.</span> <span class='ocrx_word' id='word_1_97' title='bbox 657 1421 686 1477; x_wconf 87' lang='lat' dir='ltr'>p.</span> <span class='ocrx_word' id='word_1_98' title='bbox 717 1423 773 1459; x_wconf 90' lang='lat'>102</span> <span class='ocrx_word' id='word_1_99' title='bbox 801 1436 842 1444; x_wconf 92' lang='lat'>—</span> <span class='ocrx_word' id='word_1_100' title='bbox 866 1402 1037 1485; x_wconf 82' lang='lat' dir='ltr'>opinetur?)</span> <span class='ocrx_word' id='word_1_101' title='bbox 1084 1408 1183 1480; x_wconf 80' lang='lat' dir='ltr'>Atque</span> <span class='ocrx_word' id='word_1_102' title='bbox 1219 1407 1242 1464; x_wconf 91' lang='lat' dir='ltr'>si</span> <span class='ocrx_word' id='word_1_103' title='bbox 1279 1427 1363 1464; x_wconf 90' lang='lat' dir='ltr'>accu-</span> 
     </span>
     <span class='ocr_line' id='line_1_13' title="bbox 199 1509 1363 1588; baseline 0.002 -18"><span class='ocrx_word' id='word_1_104' title='bbox 199 1512 290 1570; x_wconf 91' lang='lat' dir='ltr'>ratius</span> <span class='ocrx_word' id='word_1_105' title='bbox 314 1529 350 1568; x_wconf 85' lang='lat' dir='ltr'>ex</span> <span class='ocrx_word' id='word_1_106' title='bbox 374 1509 464 1567; x_wconf 90' lang='lat' dir='ltr'>titulis</span> <span class='ocrx_word' id='word_1_107' title='bbox 500 1510 626 1569; x_wconf 82' lang='lat' dir='ltr'>definire</span> <span class='ocrx_word' id='word_1_108' title='bbox 650 1510 794 1580; x_wconf 90' lang='lat' dir='ltr'>volumus,</span> <span class='ocrx_word' id='word_1_109' title='bbox 820 1511 897 1568; x_wconf 92' lang='lat' dir='ltr'>intra</span> <span class='ocrx_word' id='word_1_110' title='bbox 933 1514 1015 1586; x_wconf 92' lang='lat' dir='ltr'>quod</span> <span class='ocrx_word' id='word_1_111' title='bbox 1050 1524 1165 1588; x_wconf 88' lang='lat' dir='ltr'>tempus</span> <span class='ocrx_word' id='word_1_112' title='bbox 1201 1515 1363 1588; x_wconf 87' lang='lat' dir='ltr'>geminatio</span> 
     </span>
     <span class='ocr_line' id='line_1_14' title="bbox 198 1617 1360 1695; baseline 0.003 -20"><span class='ocrx_word' id='word_1_113' title='bbox 198 1618 346 1677; x_wconf 90' lang='lat' dir='ltr'>vocalium</span> <span class='ocrx_word' id='word_1_114' title='bbox 371 1618 399 1674; x_wconf 91' lang='lat' dir='ltr'>in</span> <span class='ocrx_word' id='word_1_115' title='bbox 425 1635 478 1675; x_wconf 91' lang='lat' dir='ltr'>usu</span> <span class='ocrx_word' id='word_1_116' title='bbox 502 1617 596 1684; x_wconf 83' lang='lat' dir='ltr'>luerit,</span> <span class='ocrx_word' id='word_1_117' title='bbox 623 1618 661 1675; x_wconf 91' lang='lat' dir='ltr'>ab</span> <span class='ocrx_word' id='word_1_118' title='bbox 687 1637 766 1675; x_wconf 85' lang='lat' dir='ltr'>anno</span> <span class='ocrx_word' id='word_1_119' title='bbox 791 1620 851 1677; x_wconf 84' lang='lat' dir='ltr'>fere</span> <span class='ocrx_word' id='word_1_120' title='bbox 877 1621 939 1676; x_wconf 88' lang='lat'>620</span> <span class='ocrx_word' id='word_1_121' title='bbox 965 1639 1058 1695; x_wconf 90' lang='lat' dir='ltr'>usque</span> <span class='ocrx_word' id='word_1_122' title='bbox 1082 1622 1121 1679; x_wconf 92' lang='lat' dir='ltr'>ad</span> <span class='ocrx_word' id='word_1_123' title='bbox 1145 1640 1255 1679; x_wconf 90' lang='lat' dir='ltr'>annum</span> <span class='ocrx_word' id='word_1_124' title='bbox 1280 1643 1305 1679; x_wconf 88' lang='lat' dir='ltr'>a.</span> <span class='ocrx_word' id='word_1_125' title='bbox 1332 1642 1360 1679; x_wconf 91' lang='lat' dir='ltr'>u.</span> 
     </span>
     <span class='ocr_line' id='line_1_15' title="bbox 198 1725 1363 1802; baseline 0.003 -18"><span class='ocrx_word' id='word_1_126' title='bbox 198 1747 223 1786; x_wconf 93' lang='lat' dir='ltr'>c.</span> <span class='ocrx_word' id='word_1_127' title='bbox 251 1729 313 1784; x_wconf 89' lang='lat'>680</span> <span class='ocrx_word' id='word_1_128' title='bbox 338 1745 423 1783; x_wconf 92' lang='lat' dir='ltr'>usum</span> <span class='ocrx_word' id='word_1_129' title='bbox 450 1725 531 1782; x_wconf 93' lang='lat' dir='ltr'>illum</span> <span class='ocrx_word' id='word_1_130' title='bbox 555 1725 732 1800; x_wconf 87' lang='lat' dir='ltr'>pertinuisse</span> <span class='ocrx_word' id='word_1_131' title='bbox 757 1726 936 1784; x_wconf 90' lang='lat' dir='ltr'>Ritschelius</span> <span class='ocrx_word' id='word_1_132' title='bbox 961 1728 1072 1802; x_wconf 92' lang='lat' dir='ltr'>primus</span> <span class='ocrx_word' id='word_1_133' title='bbox 1089 1728 1251 1787; x_wconf 86' lang='lat' dir='ltr'>rectissime</span> <span class='ocrx_word' id='word_1_134' title='bbox 1268 1740 1363 1787; x_wconf 91' lang='lat' dir='ltr'>osten·</span> 
     </span>
     <span class='ocr_line' id='line_1_16' title="bbox 199 1833 1364 1912; baseline 0.002 -19"><span class='ocrx_word' id='word_1_135' title='bbox 199 1835 252 1894; x_wconf 86' lang='lat' dir='ltr'>dit.</span> <span class='ocrx_word' id='word_1_136' title='bbox 301 1834 453 1907; x_wconf 86' lang='lat' dir='ltr'>Quoniam</span> <span class='ocrx_word' id='word_1_137' title='bbox 477 1833 586 1890; x_wconf 84' lang='lat' dir='ltr'>Accius</span> <span class='ocrx_word' id='word_1_138' title='bbox 623 1853 702 1892; x_wconf 91' lang='lat' dir='ltr'>anno</span> <span class='ocrx_word' id='word_1_139' title='bbox 727 1835 787 1892; x_wconf 85' lang='lat' dir='ltr'>fere</span> <span class='ocrx_word' id='word_1_140' title='bbox 812 1836 874 1892; x_wconf 89' lang='lat'>660</span> <span class='ocrx_word' id='word_1_141' title='bbox 900 1837 945 1892; x_wconf 92' lang='lat' dir='ltr'>vel</span> <span class='ocrx_word' id='word_1_142' title='bbox 971 1854 1005 1893; x_wconf 86' lang='lat' dir='ltr'>ex</span> <span class='ocrx_word' id='word_1_143' title='bbox 1030 1836 1184 1894; x_wconf 89' lang='lat' dir='ltr'>Ritschelii</span> <span class='ocrx_word' id='word_1_144' title='bbox 1220 1837 1364 1912; x_wconf 88' lang='lat' dir='ltr'>opinione</span> 
     </span>
     <span class='ocr_line' id='line_1_17' title="bbox 200 1941 1364 2018; baseline 0 -18"><span class='ocrx_word' id='word_1_145' title='bbox 200 1945 262 2016; x_wconf 88' lang='lat'>670</span> <span class='ocrx_word' id='word_1_146' title='bbox 287 1941 370 2001; x_wconf 91' lang='lat' dir='ltr'>diem</span> <span class='ocrx_word' id='word_1_147' title='bbox 394 1959 562 2017; x_wconf 90' lang='lat' dir='ltr'>supremum</span> <span class='ocrx_word' id='word_1_148' title='bbox 588 1941 671 2010; x_wconf 87' lang='lat' dir='ltr'>obiit,</span> <span class='ocrx_word' id='word_1_149' title='bbox 697 1942 772 1999; x_wconf 89' lang='lat' dir='ltr'>haec</span> <span class='ocrx_word' id='word_1_150' title='bbox 797 1941 869 1998; x_wconf 90' lang='lat' dir='ltr'>ratio</span> <span class='ocrx_word' id='word_1_151' title='bbox 894 1941 1043 2000; x_wconf 89' lang='lat' dir='ltr'>scribendi</span> <span class='ocrx_word' id='word_1_152' title='bbox 1069 1961 1130 2000; x_wconf 90' lang='lat' dir='ltr'>non</span> <span class='ocrx_word' id='word_1_153' title='bbox 1154 1943 1204 2000; x_wconf 92' lang='lat' dir='ltr'>diu</span> <span class='ocrx_word' id='word_1_154' title='bbox 1223 1944 1364 2018; x_wconf 84' lang='lat' dir='ltr'>superfuit</span> 
     </span>
     <span class='ocr_line' id='line_1_18' title="bbox 202 2049 1363 2126; baseline 0 -18"><span class='ocrx_word' id='word_1_155' title='bbox 202 2050 325 2108; x_wconf 90' lang='lat' dir='ltr'>auctori.</span> <span class='ocrx_word' id='word_1_156' title='bbox 373 2051 412 2106; x_wconf 89' lang='lat' dir='ltr'>El</span> <span class='ocrx_word' id='word_1_157' title='bbox 437 2060 537 2106; x_wconf 89' lang='lat' dir='ltr'>tamen</span> <span class='ocrx_word' id='word_1_158' title='bbox 561 2049 706 2124; x_wconf 91' lang='lat' dir='ltr'>scriptura</span> <span class='ocrx_word' id='word_1_159' title='bbox 730 2067 783 2123; x_wconf 91' lang='lat' dir='ltr'>per</span> <span class='ocrx_word' id='word_1_160' title='bbox 806 2059 899 2106; x_wconf 91' lang='lat' dir='ltr'>totum</span> <span class='ocrx_word' id='word_1_161' title='bbox 925 2051 1077 2107; x_wconf 90' lang='lat' dir='ltr'>saeculum</span> <span class='ocrx_word' id='word_1_162' title='bbox 1101 2051 1182 2108; x_wconf 89' lang='lat' dir='ltr'>urbis</span> <span class='ocrx_word' id='word_1_163' title='bbox 1206 2052 1363 2126; x_wconf 89' lang='lat' dir='ltr'>septimum</span> 
     </span>
     <span class='ocr_line' id='line_1_19' title="bbox 198 2155 1363 2232; baseline -0.001 -16"><span class='ocrx_word' id='word_1_164' title='bbox 198 2168 396 2231; x_wconf 89' lang='lat' dir='ltr'>octavumque</span> <span class='ocrx_word' id='word_1_165' title='bbox 420 2165 596 2213; x_wconf 87' lang='lat' dir='ltr'>conservata</span> <span class='ocrx_word' id='word_1_166' title='bbox 620 2166 672 2224; x_wconf 91' lang='lat' dir='ltr'>est,</span> <span class='ocrx_word' id='word_1_167' title='bbox 698 2155 834 2230; x_wconf 86' lang='lat' dir='ltr'>quamvis</span> <span class='ocrx_word' id='word_1_168' title='bbox 859 2156 959 2214; x_wconf 87' lang='lat' dir='ltr'>Sullae</span> <span class='ocrx_word' id='word_1_169' title='bbox 989 2157 1049 2214; x_wconf 87' lang='lat' dir='ltr'>fere</span> <span class='ocrx_word' id='word_1_170' title='bbox 1086 2158 1269 2232; x_wconf 90' lang='lat' dir='ltr'>temporibus</span> <span class='ocrx_word' id='word_1_171' title='bbox 1305 2158 1363 2216; x_wconf 88' lang='lat' dir='ltr'>alia</span> 
     </span>
     <span class='ocr_line' id='line_1_20' title="bbox 199 2262 1363 2340; baseline -0.002 -16"><span class='ocrx_word' id='word_1_172' title='bbox 199 2264 385 2324; x_wconf 90' lang='lat' dir='ltr'>consuetudo</span> <span class='ocrx_word' id='word_1_173' title='bbox 408 2262 559 2321; x_wconf 90' lang='lat' dir='ltr'>scribendi</span> <span class='ocrx_word' id='word_1_174' title='bbox 583 2263 790 2322; x_wconf 87' lang='lat' dir='ltr'>institueretur.</span> <span class='ocrx_word' id='word_1_175' title='bbox 838 2264 893 2321; x_wconf 89' lang='lat' dir='ltr'>Illa</span> <span class='ocrx_word' id='word_1_176' title='bbox 916 2264 995 2321; x_wconf 92' lang='lat' dir='ltr'>enim</span> <span class='ocrx_word' id='word_1_177' title='bbox 1025 2275 1123 2322; x_wconf 90' lang='lat' dir='ltr'>aetate</span> <span class='ocrx_word' id='word_1_178' title='bbox 1158 2265 1284 2340; x_wconf 83' lang='lat' dir='ltr'>priimun</span> <span class='ocrx_word' id='word_1_179' title='bbox 1309 2285 1363 2340; x_wconf 89' lang='lat' dir='ltr'>pro</span> 
     </span>
     <span class='ocr_line' id='line_1_21' title="bbox 199 2367 1364 2448; baseline -0.002 -16"><span class='ocrx_word' id='word_1_180' title='bbox 199 2375 240 2432; x_wconf 87' lang='lat' dir='ltr'>EI</span> <span class='ocrx_word' id='word_1_181' title='bbox 264 2373 409 2448; x_wconf 88' lang='lat' dir='ltr'>scriptura</span> <span class='ocrx_word' id='word_1_182' title='bbox 432 2367 450 2430; x_wconf 93' lang='grc' dir='ltr'><strong>Ι</strong></span> <span class='ocrx_word' id='word_1_183' title='bbox 473 2371 587 2429; x_wconf 87' lang='lat' dir='ltr'>litterae</span> <span class='ocrx_word' id='word_1_184' title='bbox 611 2371 816 2447; x_wconf 89' lang='lat' dir='ltr'>longiusculae</span> <span class='ocrx_word' id='word_1_185' title='bbox 852 2372 1046 2447; x_wconf 88' lang='lat' dir='ltr'>reperiuntur,</span> <span class='ocrx_word' id='word_1_186' title='bbox 1072 2374 1109 2431; x_wconf 92' lang='lat' dir='ltr'>de</span> <span class='ocrx_word' id='word_1_187' title='bbox 1146 2374 1253 2447; x_wconf 90' lang='lat' dir='ltr'>quibus</span> <span class='ocrx_word' id='word_1_188' title='bbox 1290 2373 1364 2431; x_wconf 81' lang='lat' dir='ltr'>infra</span> 
     </span>
    </p>
   </div>
   <div class='ocr_carea' id='block_1_6' title="bbox 176 2478 1361 2556">
    <p class='ocr_par' dir='ltr' id='par_1_6' title="bbox 176 2478 1361 2556">
     <span class='ocr_line' id='line_1_22' title="bbox 176 2478 1361 2556; baseline -0.001 -17"><span class='ocrx_word' id='word_1_189' title='bbox 176 2514 178 2519; x_wconf 95' lang='lat'>·</span> <span class='ocrx_word' id='word_1_190' title='bbox 199 2480 318 2539; x_wconf 91' lang='lat' dir='ltr'>uberius</span> <span class='ocrx_word' id='word_1_191' title='bbox 343 2498 473 2556; x_wconf 86' lang='lat' dir='ltr'>agemus.</span> <span class='ocrx_word' id='word_1_192' title='bbox 522 2480 582 2537; x_wconf 85' lang='lat' dir='ltr'>Sed</span> <span class='ocrx_word' id='word_1_193' title='bbox 606 2479 685 2536; x_wconf 87' lang='lat' dir='ltr'>haud</span> <span class='ocrx_word' id='word_1_194' title='bbox 709 2479 801 2536; x_wconf 92' lang='lat' dir='ltr'>multo</span> <span class='ocrx_word' id='word_1_195' title='bbox 825 2491 895 2554; x_wconf 92' lang='lat' dir='ltr'>post</span> <span class='ocrx_word' id='word_1_196' title='bbox 919 2478 1019 2553; x_wconf 84' lang='lat' dir='ltr'>apices</span> <span class='ocrx_word' id='word_1_197' title='bbox 1044 2480 1074 2536; x_wconf 91' lang='lat' dir='ltr'>in</span> <span class='ocrx_word' id='word_1_198' title='bbox 1100 2500 1183 2537; x_wconf 90' lang='lat' dir='ltr'>usum</span> <span class='ocrx_word' id='word_1_199' title='bbox 1208 2490 1361 2538; x_wconf 87' lang='lat' dir='ltr'>venerunt.</span> 
     </span>
    </p>
   </div>
   <div class='ocr_carea' id='block_1_7' title="bbox 199 2586 1388 3416">
    <p class='ocr_par' dir='ltr' id='par_1_7' title="bbox 199 2586 1388 3416">
     <span class='ocr_line' id='line_1_23' title="bbox 202 2586 1388 2663; baseline -0.003 -17"><span class='ocrx_word' id='word_1_200' title='bbox 202 2588 277 2662; x_wconf 89' lang='lat' dir='ltr'>Quis</span> <span class='ocrx_word' id='word_1_201' title='bbox 301 2589 356 2646; x_wconf 93' lang='lat' dir='ltr'>hos</span> <span class='ocrx_word' id='word_1_202' title='bbox 381 2606 476 2644; x_wconf 90' lang='lat' dir='ltr'>novos</span> <span class='ocrx_word' id='word_1_203' title='bbox 500 2587 607 2644; x_wconf 90' lang='lat' dir='ltr'>modos</span> <span class='ocrx_word' id='word_1_204' title='bbox 632 2586 782 2644; x_wconf 90' lang='lat' dir='ltr'>scribendi</span> <span class='ocrx_word' id='word_1_205' title='bbox 807 2605 933 2661; x_wconf 88' lang='lat' dir='ltr'>quorum</span> <span class='ocrx_word' id='word_1_206' title='bbox 959 2587 1032 2644; x_wconf 88' lang='lat' dir='ltr'>alius</span> <span class='ocrx_word' id='word_1_207' title='bbox 1058 2588 1147 2645; x_wconf 90' lang='lat' dir='ltr'>alium</span> <span class='ocrx_word' id='word_1_208' title='bbox 1180 2590 1309 2663; x_wconf 88' lang='lat' dir='ltr'>complet</span> <span class='ocrx_word' id='word_1_209' title='bbox 1333 2588 1388 2653; x_wconf 34' lang='lat' dir='ltr'>in·</span> 
     </span>
     <span class='ocr_line' id='line_1_24' title="bbox 199 2693 1361 2767; baseline -0.003 -13"><span class='ocrx_word' id='word_1_210' title='bbox 199 2696 309 2755; x_wconf 90' lang='lat' dir='ltr'>litteras</span> <span class='ocrx_word' id='word_1_211' title='bbox 333 2696 539 2753; x_wconf 84' lang='lat' dir='ltr'>Romanorum</span> <span class='ocrx_word' id='word_1_212' title='bbox 563 2693 719 2763; x_wconf 81' lang='lat' dir='ltr'>induxerit,</span> <span class='ocrx_word' id='word_1_213' title='bbox 745 2693 906 2751; x_wconf 90' lang='lat' dir='ltr'>memoriae</span> <span class='ocrx_word' id='word_1_214' title='bbox 930 2713 991 2751; x_wconf 93' lang='lat' dir='ltr'>non</span> <span class='ocrx_word' id='word_1_215' title='bbox 1016 2704 1059 2752; x_wconf 90' lang='lat' dir='ltr'>est</span> <span class='ocrx_word' id='word_1_216' title='bbox 1082 2696 1232 2753; x_wconf 88' lang='lat' dir='ltr'>traditum.</span> <span class='ocrx_word' id='word_1_217' title='bbox 1281 2695 1361 2767; x_wconf 84' lang='lat' dir='ltr'>Quo-</span> 
     </span>
     <span class='ocr_line' id='line_1_25' title="bbox 200 2801 1364 2877; baseline -0.003 -15"><span class='ocrx_word' id='word_1_218' title='bbox 200 2804 282 2863; x_wconf 91' lang='lat' dir='ltr'>niam</span> <span class='ocrx_word' id='word_1_219' title='bbox 307 2813 405 2861; x_wconf 90' lang='lat' dir='ltr'>autem</span> <span class='ocrx_word' id='word_1_220' title='bbox 437 2813 554 2859; x_wconf 90' lang='lat' dir='ltr'>ceterae</span> <span class='ocrx_word' id='word_1_221' title='bbox 589 2801 718 2858; x_wconf 88' lang='lat' dir='ltr'>rationes</span> <span class='ocrx_word' id='word_1_222' title='bbox 753 2801 904 2859; x_wconf 90' lang='lat' dir='ltr'>scribendi</span> <span class='ocrx_word' id='word_1_223' title='bbox 944 2801 1145 2877; x_wconf 87' lang='lat' dir='ltr'>cuiuscunque</span> <span class='ocrx_word' id='word_1_224' title='bbox 1180 2801 1364 2877; x_wconf 86' lang='lat' dir='ltr'>grammatici</span> 
     </span>
     <span class='ocr_line' id='line_1_26' title="bbox 205 2902 1364 2988; baseline -0.003 -19"><span class='ocrx_word' id='word_1_225' title='bbox 205 2910 371 2969; x_wconf 87' lang='lat' dir='ltr'>auctoritati</span> <span class='ocrx_word' id='word_1_226' title='bbox 396 2908 742 2967; x_wconf 80' lang='lat' dir='ltr'>attribuuntur-velut</span> <span class='ocrx_word' id='word_1_227' title='bbox 766 2908 878 2965; x_wconf 88' lang='lat' dir='ltr'>Ennius</span> <span class='ocrx_word' id='word_1_228' title='bbox 903 2902 968 2988; x_wconf 81' lang='lat' dir='ltr'>(cfr.</span> <span class='ocrx_word' id='word_1_229' title='bbox 994 2911 1114 2966; x_wconf 89' lang='lat' dir='ltr'>Festum</span> <span class='ocrx_word' id='word_1_230' title='bbox 1138 2929 1160 2967; x_wconf 90' lang='lat' dir='ltr'>s.</span> <span class='ocrx_word' id='word_1_231' title='bbox 1186 2930 1212 2968; x_wconf 86' lang='lat' dir='ltr'>v.</span> <span class='ocrx_word' id='word_1_232' title='bbox 1247 2910 1364 2966; x_wconf 91' lang='lat' dir='ltr'>solitau-</span> 
     </span>
     <span class='ocr_line' id='line_1_27' title="bbox 201 3015 1365 3096; baseline -0.001 -20"><span class='ocrx_word' id='word_1_233' title='bbox 201 3018 278 3096; x_wconf 82' lang='lat' dir='ltr'>rilia)</span> <span class='ocrx_word' id='word_1_234' title='bbox 291 3018 322 3079; x_wconf 90' lang='lat' dir='ltr'>in</span> <span class='ocrx_word' id='word_1_235' title='bbox 334 3017 422 3076; x_wconf 90' lang='lat' dir='ltr'>rebus</span> <span class='ocrx_word' id='word_1_236' title='bbox 440 3015 676 3092; x_wconf 87' lang='lat' dir='ltr'>orthographicis</span> <span class='ocrx_word' id='word_1_237' title='bbox 693 3015 926 3090; x_wconf 86' lang='lat' dir='ltr'>geminationem</span> <span class='ocrx_word' id='word_1_238' title='bbox 943 3017 1171 3074; x_wconf 91' lang='lat' dir='ltr'>consonantium</span> <span class='ocrx_word' id='word_1_239' title='bbox 1189 3017 1301 3091; x_wconf 90' lang='lat' dir='ltr'>primus</span> <span class='ocrx_word' id='word_1_240' title='bbox 1315 3018 1365 3075; x_wconf 89' lang='lat' dir='ltr'>ad-</span> 
     </span>
     <span class='ocr_line' id='line_1_28' title="bbox 201 3119 1365 3204; baseline -0.003 -20"><span class='ocrx_word' id='word_1_241' title='bbox 201 3125 443 3204; x_wconf 80' lang='lat' dir='ltr'>hibuit,AcciuS,</span> <span class='ocrx_word' id='word_1_242' title='bbox 458 3124 482 3182; x_wconf 89' lang='lat' dir='ltr'>si</span> <span class='ocrx_word' id='word_1_243' title='bbox 493 3123 672 3181; x_wconf 87' lang='lat' dir='ltr'>Ritschelius</span> <span class='ocrx_word' id='word_1_244' title='bbox 686 3119 814 3200; x_wconf 71' lang='lat' dir='ltr'>(Opusc.</span> <span class='ocrx_word' id='word_1_245' title='bbox 840 3124 893 3191; x_wconf 88' lang='lat' dir='ltr'>IV,</span> <span class='ocrx_word' id='word_1_246' title='bbox 919 3142 947 3196; x_wconf 91' lang='lat' dir='ltr'>p.</span> <span class='ocrx_word' id='word_1_247' title='bbox 975 3143 1049 3198; x_wconf 75' lang='lat'>492,</span> <span class='ocrx_word' id='word_1_248' title='bbox 1077 3126 1135 3196; x_wconf 83' lang='lat'>687</span> <span class='ocrx_word' id='word_1_249' title='bbox 1153 3125 1271 3204; x_wconf 64' lang='lat' dir='ltr'>annot.)</span> <span class='ocrx_word' id='word_1_250' title='bbox 1286 3135 1365 3181; x_wconf 88' lang='lat' dir='ltr'>rccte</span> 
     </span>
     <span class='ocr_line' id='line_1_29' title="bbox 202 3229 1363 3308; baseline -0.006 -15"><span class='ocrx_word' id='word_1_251' title='bbox 202 3233 340 3302; x_wconf 90' lang='lat' dir='ltr'>coniecit,</span> <span class='ocrx_word' id='word_1_252' title='bbox 367 3250 451 3290; x_wconf 88' lang='lat' dir='ltr'>usum</span> <span class='ocrx_word' id='word_1_253' title='bbox 486 3231 639 3308; x_wconf 86' lang='lat' dir='ltr'>gutturalis</span> <span class='ocrx_word' id='word_1_254' title='bbox 675 3230 716 3288; x_wconf 90' lang='lat' dir='ltr'>ita</span> <span class='ocrx_word' id='word_1_255' title='bbox 750 3229 893 3298; x_wconf 88' lang='lat' dir='ltr'>delinivit,</span> <span class='ocrx_word' id='word_1_256' title='bbox 920 3240 951 3286; x_wconf 90' lang='lat' dir='ltr'>ut</span> <span class='ocrx_word' id='word_1_257' title='bbox 974 3232 1004 3286; x_wconf 89' lang='lat' dir='ltr'>K</span> <span class='ocrx_word' id='word_1_258' title='bbox 1027 3240 1095 3288; x_wconf 90' lang='lat' dir='ltr'>ante</span> <span class='ocrx_word' id='word_1_259' title='bbox 1119 3233 1155 3299; x_wconf 80' lang='lat' dir='ltr'>A,</span> <span class='ocrx_word' id='word_1_260' title='bbox 1181 3231 1210 3304; x_wconf 85' lang='lat' dir='ltr'><strong>Q</strong></span> <span class='ocrx_word' id='word_1_261' title='bbox 1234 3241 1302 3289; x_wconf 90' lang='lat' dir='ltr'>aute</span> <span class='ocrx_word' id='word_1_262' title='bbox 1326 3232 1363 3300; x_wconf 92' lang='lat' dir='ltr'>V,</span> 
     </span>
     <span class='ocr_line' id='line_1_30' title="bbox 201 3336 1364 3416; baseline -0.003 -17"><span class='ocrx_word' id='word_1_263' title='bbox 201 3340 375 3416; x_wconf 87' lang='lat' dir='ltr'>ceteroquin</span> <span class='ocrx_word' id='word_1_264' title='bbox 400 3339 424 3398; x_wconf 91' lang='lat' dir='ltr'><strong>C</strong></span> <span class='ocrx_word' id='word_1_265' title='bbox 449 3339 647 3407; x_wconf 90' lang='lat' dir='ltr'>adhiberetur,</span> <span class='ocrx_word' id='word_1_266' title='bbox 684 3349 773 3412; x_wconf 89' lang='lat' dir='ltr'>atque</span> <span class='ocrx_word' id='word_1_267' title='bbox 796 3336 944 3394; x_wconf 90' lang='lat' dir='ltr'>vocalium</span> <span class='ocrx_word' id='word_1_268' title='bbox 969 3337 1202 3413; x_wconf 88' lang='lat' dir='ltr'>geminationem</span> <span class='ocrx_word' id='word_1_269' title='bbox 1226 3338 1256 3394; x_wconf 91' lang='lat' dir='ltr'>in</span> <span class='ocrx_word' id='word_1_270' title='bbox 1280 3357 1364 3395; x_wconf 90' lang='lat' dir='ltr'>usum</span> 
     </span>
    </p>
   </div>
   <div class='ocr_carea' id='block_1_8' title="bbox 202 3439 1365 3526">
    <p class='ocr_par' dir='ltr' id='par_1_8' title="bbox 202 3439 1365 3526">
     <span class='ocr_line' id='line_1_31' title="bbox 202 3439 1365 3526; baseline -0.004 -19"><span class='ocrx_word' id='word_1_271' title='bbox 202 3448 408 3526; x_wconf 90' lang='lat' dir='ltr'>quotidianum</span> <span class='ocrx_word' id='word_1_272' title='bbox 433 3447 538 3518; x_wconf 87' lang='lat' dir='ltr'>intulit,</span> <span class='ocrx_word' id='word_1_273' title='bbox 565 3445 696 3503; x_wconf 89' lang='lat' dir='ltr'>Lucilius</span> <span class='ocrx_word' id='word_1_274' title='bbox 720 3439 739 3503; x_wconf 87' lang='lat' dir='ltr'>I</span> <span class='ocrx_word' id='word_1_275' title='bbox 762 3443 874 3520; x_wconf 90' lang='lat' dir='ltr'>pingue</span> <span class='ocrx_word' id='word_1_276' title='bbox 897 3455 926 3502; x_wconf 93' lang='lat' dir='ltr'>et</span> <span class='ocrx_word' id='word_1_277' title='bbox 950 3440 968 3503; x_wconf 90' lang='grc' dir='ltr'>Ι.</span> <span class='ocrx_word' id='word_1_278' title='bbox 991 3455 1079 3503; x_wconf 90' lang='lat' dir='ltr'>tenue</span> <span class='ocrx_word' id='word_1_279' title='bbox 1095 3445 1234 3503; x_wconf 87' lang='lat' dir='ltr'>discrevit</span> <span class='ocrx_word' id='word_1_280' title='bbox 1304 3466 1365 3503; x_wconf 92' lang='lat' dir='ltr'>non</span> 
     </span>
    </p>
   </div>
   <div class='ocr_carea' id='block_1_9' title="bbox 201 3547 1367 4495">
    <p class='ocr_par' dir='ltr' id='par_1_9' title="bbox 201 3547 1367 4495">
     <span class='ocr_line' id='line_1_32' title="bbox 201 3547 1364 3628; baseline -0.004 -13"><span class='ocrx_word' id='word_1_281' title='bbox 201 3558 317 3616; x_wconf 89' lang='lat' dir='ltr'>videtur</span> <span class='ocrx_word' id='word_1_282' title='bbox 340 3556 467 3614; x_wconf 90' lang='lat' dir='ltr'>alienum</span> <span class='ocrx_word' id='word_1_283' title='bbox 493 3554 572 3613; x_wconf 92' lang='lat' dir='ltr'>idem</span> <span class='ocrx_word' id='word_1_284' title='bbox 597 3554 734 3612; x_wconf 91' lang='lat' dir='ltr'>conicere</span> <span class='ocrx_word' id='word_1_285' title='bbox 759 3553 797 3610; x_wconf 90' lang='lat' dir='ltr'>de</span> <span class='ocrx_word' id='word_1_286' title='bbox 820 3547 839 3610; x_wconf 88' lang='grc' dir='ltr'>Ι</span> <span class='ocrx_word' id='word_1_287' title='bbox 862 3554 953 3628; x_wconf 86' lang='lat' dir='ltr'>longa</span> <span class='ocrx_word' id='word_1_288' title='bbox 978 3562 1066 3627; x_wconf 89' lang='lat' dir='ltr'>atque</span> <span class='ocrx_word' id='word_1_289' title='bbox 1096 3553 1191 3628; x_wconf 90' lang='lat' dir='ltr'>apice.</span> <span class='ocrx_word' id='word_1_290' title='bbox 1240 3554 1271 3611; x_wconf 89' lang='lat' dir='ltr'>Si</span> <span class='ocrx_word' id='word_1_291' title='bbox 1295 3573 1364 3610; x_wconf 89' lang='lat' dir='ltr'>con-</span> 
     </span>
     <span class='ocr_line' id='line_1_33' title="bbox 202 3661 1365 3741; baseline -0.004 -18"><span class='ocrx_word' id='word_1_292' title='bbox 202 3666 315 3724; x_wconf 88' lang='lat' dir='ltr'>iectura</span> <span class='ocrx_word' id='word_1_293' title='bbox 338 3664 379 3722; x_wconf 93' lang='lat' dir='ltr'>uti</span> <span class='ocrx_word' id='word_1_294' title='bbox 403 3664 499 3741; x_wconf 83' lang='lat' dir='ltr'>liceat,</span> <span class='ocrx_word' id='word_1_295' title='bbox 524 3663 675 3737; x_wconf 89' lang='lat' dir='ltr'>utriusque</span> <span class='ocrx_word' id='word_1_296' title='bbox 699 3662 860 3737; x_wconf 90' lang='lat' dir='ltr'>scripturae</span> <span class='ocrx_word' id='word_1_297' title='bbox 885 3672 1036 3720; x_wconf 87' lang='lat' dir='ltr'>auctorem</span> <span class='ocrx_word' id='word_1_298' title='bbox 1061 3661 1224 3736; x_wconf 89' lang='lat' dir='ltr'>putaverim</span> <span class='ocrx_word' id='word_1_299' title='bbox 1241 3663 1365 3719; x_wconf 86' lang='lat' dir='ltr'>fortasse</span> 
     </span>
     <span class='ocr_line' id='line_1_34' title="bbox 202 3768 1367 3844; baseline -0.005 -12"><span class='ocrx_word' id='word_1_300' title='bbox 202 3772 292 3832; x_wconf 87' lang='lat' dir='ltr'>fuisse</span> <span class='ocrx_word' id='word_1_301' title='bbox 315 3773 358 3829; x_wconf 89' lang='lat' dir='ltr'>M.</span> <span class='ocrx_word' id='word_1_302' title='bbox 383 3770 555 3829; x_wconf 90' lang='lat' dir='ltr'>Terentium</span> <span class='ocrx_word' id='word_1_303' title='bbox 579 3772 746 3828; x_wconf 86' lang='lat' dir='ltr'>Varronem</span> <span class='ocrx_word' id='word_1_304' title='bbox 770 3770 939 3839; x_wconf 90' lang='lat' dir='ltr'>Reatinum,</span> <span class='ocrx_word' id='word_1_305' title='bbox 965 3769 1047 3826; x_wconf 87' lang='lat' dir='ltr'>cuius</span> <span class='ocrx_word' id='word_1_306' title='bbox 1072 3769 1110 3826; x_wconf 92' lang='lat' dir='ltr'>de</span> <span class='ocrx_word' id='word_1_307' title='bbox 1138 3768 1240 3844; x_wconf 90' lang='lat' dir='ltr'>lingua</span> <span class='ocrx_word' id='word_1_308' title='bbox 1275 3769 1367 3826; x_wconf 89' lang='lat' dir='ltr'>latina</span> 
     </span>
     <span class='ocr_line' id='line_1_35' title="bbox 203 3876 1366 3955; baseline -0.004 -18"><span class='ocrx_word' id='word_1_309' title='bbox 203 3880 308 3938; x_wconf 90' lang='lat' dir='ltr'>merita</span> <span class='ocrx_word' id='word_1_310' title='bbox 331 3878 452 3955; x_wconf 88' lang='lat' dir='ltr'>egregia</span> <span class='ocrx_word' id='word_1_311' title='bbox 475 3878 613 3935; x_wconf 92' lang='lat' dir='ltr'>omnihus</span> <span class='ocrx_word' id='word_1_312' title='bbox 638 3887 705 3935; x_wconf 90' lang='lat' dir='ltr'>sunt</span> <span class='ocrx_word' id='word_1_313' title='bbox 721 3887 801 3935; x_wconf 90' lang='lat' dir='ltr'>nota.</span> <span class='ocrx_word' id='word_1_314' title='bbox 839 3877 908 3934; x_wconf 91' lang='lat' dir='ltr'>Non</span> <span class='ocrx_word' id='word_1_315' title='bbox 926 3877 1021 3934; x_wconf 90' lang='lat' dir='ltr'>solum</span> <span class='ocrx_word' id='word_1_316' title='bbox 1040 3876 1152 3950; x_wconf 91' lang='lat' dir='ltr'>optime</span> <span class='ocrx_word' id='word_1_317' title='bbox 1168 3876 1227 3932; x_wconf 93' lang='lat' dir='ltr'>hoc</span> <span class='ocrx_word' id='word_1_318' title='bbox 1244 3876 1366 3949; x_wconf 90' lang='lat' dir='ltr'>quidem</span> 
     </span>
     <span class='ocr_line' id='line_1_36' title="bbox 203 3983 1366 4058; baseline -0.004 -12"><span class='ocrx_word' id='word_1_319' title='bbox 203 3987 343 4046; x_wconf 88' lang='lat' dir='ltr'>convenit</span> <span class='ocrx_word' id='word_1_320' title='bbox 371 3987 401 4043; x_wconf 93' lang='lat' dir='ltr'>in</span> <span class='ocrx_word' id='word_1_321' title='bbox 437 3985 499 4044; x_wconf 92' lang='lat' dir='ltr'>eius</span> <span class='ocrx_word' id='word_1_322' title='bbox 535 3995 672 4055; x_wconf 89' lang='lat' dir='ltr'>aetatem,</span> <span class='ocrx_word' id='word_1_323' title='bbox 698 3985 750 4044; x_wconf 89' lang='lat' dir='ltr'>sed</span> <span class='ocrx_word' id='word_1_324' title='bbox 786 3983 875 4043; x_wconf 87' lang='lat' dir='ltr'>etiam</span> <span class='ocrx_word' id='word_1_325' title='bbox 912 4003 948 4043; x_wconf 92' lang='lat' dir='ltr'>eo</span> <span class='ocrx_word' id='word_1_326' title='bbox 984 3983 1170 4041; x_wconf 89' lang='lat' dir='ltr'>verisimilius</span> <span class='ocrx_word' id='word_1_327' title='bbox 1206 3995 1248 4041; x_wconf 90' lang='lat' dir='ltr'>est</span> <span class='ocrx_word' id='word_1_328' title='bbox 1284 3985 1366 4058; x_wconf 92' lang='lat' dir='ltr'>quod</span> 
     </span>
     <span class='ocr_line' id='line_1_37' title="bbox 202 4092 1365 4169; baseline -0.004 -16"><span class='ocrx_word' id='word_1_329' title='bbox 202 4098 369 4155; x_wconf 89' lang='lat' dir='ltr'>Varronem</span> <span class='ocrx_word' id='word_1_330' title='bbox 392 4094 500 4152; x_wconf 90' lang='lat' dir='ltr'>librum</span> <span class='ocrx_word' id='word_1_331' title='bbox 517 4094 555 4153; x_wconf 92' lang='lat' dir='ltr'>de</span> <span class='ocrx_word' id='word_1_332' title='bbox 573 4094 747 4169; x_wconf 87' lang='lat' dir='ltr'>antiquitate</span> <span class='ocrx_word' id='word_1_333' title='bbox 763 4093 924 4151; x_wconf 88' lang='lat' dir='ltr'>litterarum</span> <span class='ocrx_word' id='word_1_334' title='bbox 941 4092 1114 4167; x_wconf 91' lang='lat' dir='ltr'>inscriptum</span> <span class='ocrx_word' id='word_1_335' title='bbox 1133 4093 1171 4149; x_wconf 89' lang='lat' dir='ltr'>ad</span> <span class='ocrx_word' id='word_1_336' title='bbox 1188 4094 1222 4150; x_wconf 84' lang='lat' dir='ltr'>L.</span> <span class='ocrx_word' id='word_1_337' title='bbox 1240 4092 1365 4149; x_wconf 77' lang='lat' dir='ltr'>Accium</span> 
     </span>
     <span class='ocr_line' id='line_1_38' title="bbox 203 4199 1366 4279; baseline -0.007 -16"><span class='ocrx_word' id='word_1_338' title='bbox 203 4203 346 4263; x_wconf 88' lang='lat' dir='ltr'>direxisse</span> <span class='ocrx_word' id='word_1_339' title='bbox 371 4202 451 4261; x_wconf 89' lang='lat' dir='ltr'>haud</span> <span class='ocrx_word' id='word_1_340' title='bbox 475 4203 655 4279; x_wconf 88' lang='lat' dir='ltr'>ignoramus.</span> <span class='ocrx_word' id='word_1_341' title='bbox 703 4201 812 4258; x_wconf 92' lang='lat' dir='ltr'>Nonne</span> <span class='ocrx_word' id='word_1_342' title='bbox 835 4201 923 4259; x_wconf 90' lang='lat' dir='ltr'>sacile</span> <span class='ocrx_word' id='word_1_343' title='bbox 947 4200 1010 4258; x_wconf 82' lang='lat' dir='ltr'>lieri</span> <span class='ocrx_word' id='word_1_344' title='bbox 1034 4200 1139 4275; x_wconf 90' lang='lat' dir='ltr'>potuit,</span> <span class='ocrx_word' id='word_1_345' title='bbox 1165 4213 1195 4256; x_wconf 93' lang='lat' dir='ltr'>ut</span> <span class='ocrx_word' id='word_1_346' title='bbox 1216 4201 1312 4256; x_wconf 90' lang='lat' dir='ltr'>Varro</span> <span class='ocrx_word' id='word_1_347' title='bbox 1336 4199 1366 4255; x_wconf 89' lang='lat' dir='ltr'>in</span> 
     </span>
     <span class='ocr_line' id='line_1_39' title="bbox 204 4306 1366 4385; baseline -0.004 -17"><span class='ocrx_word' id='word_1_348' title='bbox 204 4312 256 4369; x_wconf 90' lang='lat' dir='ltr'>illo</span> <span class='ocrx_word' id='word_1_349' title='bbox 279 4310 356 4367; x_wconf 91' lang='lat' dir='ltr'>libro</span> <span class='ocrx_word' id='word_1_350' title='bbox 380 4321 541 4385; x_wconf 88' lang='lat' dir='ltr'>praecepta</span> <span class='ocrx_word' id='word_1_351' title='bbox 563 4309 602 4367; x_wconf 91' lang='lat' dir='ltr'>de</span> <span class='ocrx_word' id='word_1_352' title='bbox 627 4309 635 4365; x_wconf 94' lang='lat' dir='ltr'>i</span> <span class='ocrx_word' id='word_1_353' title='bbox 659 4311 749 4383; x_wconf 88' lang='lat' dir='ltr'>longa</span> <span class='ocrx_word' id='word_1_354' title='bbox 765 4317 794 4364; x_wconf 93' lang='lat' dir='ltr'>et</span> <span class='ocrx_word' id='word_1_355' title='bbox 810 4308 848 4365; x_wconf 95' lang='lat' dir='ltr'>de</span> <span class='ocrx_word' id='word_1_356' title='bbox 865 4307 952 4382; x_wconf 87' lang='lat' dir='ltr'>apice</span> <span class='ocrx_word' id='word_1_357' title='bbox 969 4306 1200 4382; x_wconf 88' lang='lat' dir='ltr'>orthographica</span> <span class='ocrx_word' id='word_1_358' title='bbox 1217 4325 1366 4364; x_wconf 92' lang='lat' dir='ltr'>commen·</span> 
     </span>
     <span class='ocr_line' id='line_1_40' title="bbox 205 4413 1367 4495; baseline -0.003 -19"><span class='ocrx_word' id='word_1_359' title='bbox 205 4416 340 4482; x_wconf 87' lang='lat' dir='ltr'>daverit?</span> <span class='ocrx_word' id='word_1_360' title='bbox 377 4417 468 4495; x_wconf 85' lang='lat' dir='ltr'>Quod</span> <span class='ocrx_word' id='word_1_361' title='bbox 492 4415 515 4473; x_wconf 92' lang='lat' dir='ltr'>si</span> <span class='ocrx_word' id='word_1_362' title='bbox 539 4434 640 4479; x_wconf 88' lang='lat' dir='ltr'>verum</span> <span class='ocrx_word' id='word_1_363' title='bbox 665 4426 709 4477; x_wconf 92' lang='lat' dir='ltr'>est</span> <span class='ocrx_word' id='word_1_364' title='bbox 721 4415 889 4474; x_wconf 88' lang='lat' dir='ltr'>Varronem</span> <span class='ocrx_word' id='word_1_365' title='bbox 914 4413 1004 4476; x_wconf 79' lang='lat' dir='ltr'>fuisse</span> <span class='ocrx_word' id='word_1_366' title='bbox 1028 4424 1189 4483; x_wconf 86' lang='lat' dir='ltr'>auctorem,</span> <span class='ocrx_word' id='word_1_367' title='bbox 1209 4424 1238 4472; x_wconf 92' lang='lat' dir='ltr'>et</span> <span class='ocrx_word' id='word_1_368' title='bbox 1254 4413 1367 4474; x_wconf 92' lang='lat' dir='ltr'>nummi</span> 
     </span>
    </p>
   </div>
   <div class='ocr_carea' id='block_1_10' title="bbox 0 0 1598 5264">
    <p class='ocr_par' dir='ltr' id='par_1_10' title="bbox 0 0 1598 5264">
     <span class='ocr_line' id='line_1_41' title="bbox 0 0 1598 5264; baseline 0 0"><span class='ocrx_word' id='word_1_369' title='bbox 0 0 1598 5264; x_wconf 95' lang='lat' dir='ltr'> </span> 
     </span>
    </p>
   </div>
  </div>
 </body>
</html>
