3172 5264
689 292 906 354 ..10ss

213 479 246 534 In
271 477 361 536 titulis
386 476 484 546 Asiae,
511 477 730 550 provinciarum
755 480 893 553 'Europae
908 479 1102 550 Graecarum,
1117 469 1227 555 Illyrici
1252 469 1382 558 virgulae

213 585 280 642 illae
305 586 471 644 rarissimae
496 596 572 654 sunt,
598 586 652 644 etsi
689 586 718 643 in
744 587 896 644 Dalmatia
932 598 961 645 et
985 587 1097 644 Norico
1122 572 1192 646 isse.
1218 589 1292 646 locis
1316 591 1382 647 urbi

197 696 327 751 'Romae
352 691 616 768 propinquioribus
642 693 788 751 interdum
827 694 1012 768 reperiuntur
1035 691 1100 768 (cfr.
1126 695 1183 753 vol.
1210 691 1277 779 ΠΙ).
1325 699 1383 755 De·

210 802 301 875 nique
339 801 495 858 Africanas
531 800 652 875 quidem
688 800 898 876 inscriptiones
938 804 1041 875 10988
1068 802 1208 877 Corporis
1243 804 1382 862 volumen

211 910 286 966 VIII
310 908 454 979 continet,
480 917 609 965 attamen
634 927 724 965 unam
762 918 877 965 tantum
900 909 947 966 vel
983 909 1056 965 duas
1092 909 1229 984 apicibus
1264 922 1383 969 ornatas

211 1016 322 1073 dubiae
359 1015 552 1072 auctoritatis.
600 1017 700 1089 Atque
726 1014 878 1072 Britannia
912 1014 1077 1089 provincia,
1112 1035 1187 1090 qnae
1223 1017 1381 1092 plurimum

210 1124 313 1180 aberat
348 1123 386 1180 ab
423 1123 494 1180 urbe
518 1124 626 1192 Roma,
660 1122 735 1181 inter
775 1140 854 1199 1355
893 1123 1101 1198 inscriptiones
1137 1124 1295 1182 voluminis
1319 1127 1378 1182 VII

211 1231 323 1287 nullum
348 1229 465 1305 apicem
490 1229 618 1288 exhibet.

316 1336 426 1411 Apices
461 1338 549 1413 igitur
584 1337 729 1406 maxime,
767 1337 842 1395 sicut
878 1337 1031 1407 videmus,
1070 1339 1186 1397 Romae
1221 1340 1383 1398 floruerunt

211 1463 374 1519 eorumque
399 1464 466 1502 usus
491 1463 551 1520 quo
576 1445 719 1504 remotior
741 1446 825 1503 locus
850 1457 911 1503 erat
935 1445 973 1503 ab
1010 1445 1091 1516 urbe,
1117 1465 1153 1504 eo
1189 1446 1284 1522 magis
1321 1446 1383 1505 exi·

209 1571 282 1627 guus
307 1563 378 1611 erat.

312 1662 378 1736 Jam
403 1679 492 1735 supra
527 1659 655 1718 diximus
690 1661 842 1720 nonnullis
878 1661 1028 1720 titulorum
1061 1662 1135 1720 locis
1169 1661 1262 1737 apicis
1297 1661 1382 1737 signo
1411 1705 1413 1709 η

210 1768 291 1826 aliud
315 1786 489 1843 expressum
524 1786 589 1826 esse
625 1781 714 1844 atque
749 1770 884 1827 vocalem
920 1771 1052 1844 longam.
1101 1772 1205 1827 Restat
1240 1779 1271 1827 ut
1306 1770 1381 1828 haec
1410 1759 1411 1762 ¹

211 1875 333 1950 quidem
357 1874 491 1950 pluribus
516 1875 613 1933 verbis
631 1895 825 1951 exponamus.
863 1878 909 1934 Ac
928 1877 1055 1951 primum
1072 1876 1222 1951 quaeritur
1246 1895 1383 1935 accen·

208 1993 335 2053 tusne,
350 1983 425 2040 sicut
442 1983 643 2057 superioribus
660 1984 845 2057 temporibus
861 1983 915 2040 viri
940 1984 1021 2042 docti
1038 1996 1225 2057 censuerunt,
1245 1984 1381 2060 apicibus

208 2089 367 2164 significati
391 2090 458 2148 sint.
508 2091 594 2162 Quae
619 2091 755 2164 (praestio
780 2091 913 2149 instituta
937 2102 980 2149 est
1012 2092 1049 2150 de
1086 2092 1237 2167 seripturis
1263 2095 1381 2151 PVTE-

208 2171 304 2254 biis
329 2196 376 2272 (e.
403 2199 425 2254 r.
451 2198 485 2256 L.
511 2195 660 2272 x,1889)
695 2208 724 2255 a
747 2174 1022 2257 pvaaoamvs
1047 2197 1094 2273 (e.
1113 2201 1136 2260 1.
1162 2202 1195 2258 a.
1220 2202 1258 2271 x,
1274 2201 1381 2279 8370),

208 2303 258 2360 ubi
291 2303 391 2378 apices
416 2304 627 2378 Langenum
654 2297 726 2384 (ide
749 2304 1010 2379 grammaticorum
1034 2305 1193 2364 latinorum
1216 2308 1384 2383 praeceptis

208 2428 285 2484 quae
309 2410 347 2467 ad
372 2420 528 2467 accentum
553 2421 705 2486 spectant«
735 2413 858 2470 Botmae
877 2411 971 2488 1857)
997 2412 1240 2471 Schmitzium
1264 2408 1296 2490 (l.
1312 2433 1337 2471 e.
1352 2434 1380 2489 p.

208 2511 261 2597 43)
287 2518 323 2574 al.
349 2517 541 2576 vehementer
564 2518 804 2576 sollicitaverunt.
854 2519 1029 2577 Schmitzius
1054 2519 1171 2594 apicem
1207 2521 1380 2595 quantitatis

207 2625 323 2700 signum
348 2644 412 2683 esse
436 2637 515 2683 ratus
539 2626 661 2703 longam
685 2628 820 2684 vocalem
844 2627 948 2685 fulcire
971 2627 1033 2684 vult
1056 2628 1102 2684 vel
1127 2627 1255 2686 maxime
1287 2638 1380 2686 tram.

207 2733 368 2808 scriptione
403 2752 511 2808 graeca
540 2733 716 2808 Ποτιωλοις
752 2752 830 2808 quae
865 2745 983 2808 praeter
1017 2733 1181 2792 crebriores
1218 2729 1378 2809 scripturas

207 2840 376 2915 Ποτιολοις
401 2840 599 2915 Ποτιολανος
624 2841 716 2899 semel
741 2839 785 2918 (C.
804 2843 827 2898 I.
847 2842 884 2899 G.
903 2841 957 2910 ΙΙΙ,
974 2843 1032 2916 585
1039 2839 1070 2916 3)
1087 2842 1237 2917 reperitur.
1277 2843 1376 2901 Valde

206 2960 306 3006 tamen
330 2948 436 3006 dubito
459 2968 530 3006 num
558 2968 617 3024 qua
641 2949 715 3006 fides
740 2949 899 3006 tribuenda
923 2948 960 3005 sit
983 2947 1025 3004 illi
1056 2948 1219 3023 scripturae
1245 2951 1380 3008 Graecae

207 3057 299 3114 semel
322 3068 465 3132 repertae.
513 3056 681 3114 Titulorum
717 3067 816 3114 autem
848 3055 967 3113 habitus
992 3055 1126 3132 impedit,
1151 3074 1189 3113 ne
1223 3056 1380 3114 credamus

207 3163 307 3238 apices
332 3164 399 3222 illos
424 3164 617 3240 explicandos
642 3182 707 3222 esse
731 3183 767 3222 ex
791 3163 909 3220 inscitia
933 3162 1184 3238 neglegentiaque
1214 3161 1377 3222 fabrorum.

206 3273 309 3347 Itaque
327 3272 406 3330 Guil.
432 3274 653 3330 Foersterus
679 3266 720 3353 (in
745 3291 819 3330 mus.
836 3270 975 3328 Rhenani
992 3272 1050 3327 vol.
1066 3290 1082 3345 3
1088 3289 1104 3344 3
1131 3289 1159 3344 p.
1178 3271 1255 3352 298)
1278 3282 1380 3330 censet

205 3380 236 3438 in
262 3354 470 3440 PV'sEO'LIs
496 3398 557 3437 non
586 3380 793 3455 quantitatem,
819 3379 872 3438 sed
909 3387 1066 3437 accentum
1103 3377 1253 3452 quendam
1290 3378 1379 3454 signi-

206 3490 288 3546 ficari
323 3489 366 3546 sic
400 3488 552 3546 iudicans:
594 3489 674 3545 »Das
698 3486 1059 3545 Denrinutiv-Susfix·blus
1095 3481 1134 3565 (z.
1159 3487 1228 3560 Bsp.
1262 3486 1301 3543 kl.
1326 3486 1375 3544 lat.

205 3595 326 3672 liliolus)
350 3594 454 3653 erhielt
478 3595 591 3653 tiberall
616 3596 675 3653 den
692 3596 771 3663 Ton,
796 3596 859 3652 also
883 3594 1011 3669 filiolus3
1028 3593 1108 3651 doch
1132 3593 1169 3651 ist
1192 3593 1247 3652 das
1272 3594 1378 3651 okurz

204 3703 375 3779 geblieben,
401 3705 493 3761 daher
516 3704 569 3761 der
593 3722 669 3778 apex
693 3703 746 3760 auf
766 3702 848 3760 einer
871 3700 1010 3759 lnschrist
1034 3700 1064 3757 in
1100 3701 1169 3759 dem
1194 3703 1296 3759 Worte
1321 3702 1378 3759 Pu·

205 3812 291 3870 teolis
315 3812 398 3869 nicht
420 3811 469 3869 die
494 3811 658 3884 Quantitat,
683 3810 814 3868 sondem
838 3810 897 3868 den
921 3811 948 3866 T
950 3827 990 3867 on
1014 3808 1200 3883 bezeichnet,
1219 3827 1278 3867 was
1302 3808 1378 3867 auch

205 3939 244 3977 an
268 3920 383 3978 andern
408 3920 522 3977 Stellen
545 3919 774 3977 anzuerkennen
799 3917 863 3975 sein
888 3917 989 3976 wird.‹:<
1040 3915 1152 3975 Nescio
1177 3927 1277 3976 tamen
1302 3936 1377 3992 quos
1445 3944 1447 3949 ·

205 4026 280 4084 alios
304 4028 388 4084 locos
413 4027 545 4102 intellegi
569 4026 658 4101 velit3
683 4027 747 4102 ipse
771 4025 911 4100 exempla
941 4024 1150 4083 huiuscemodi
1185 4044 1246 4083 non
1284 4026 1375 4084 affert.

207 4134 294 4191 Certe
318 4136 490 4192 Foersterus
514 4133 595 4191 illam
620 4133 680 4190 vim
705 4132 783 4208 apici
816 4151 877 4189 non
912 4131 1071 4202 tribuisset,
1098 4132 1122 4189 si
1153 4132 1378 4209 inscriptionem

205 4216 480 4300 PvTEdLANVs
518 4251 622 4316 postea
665 4250 814 4315 repertam
849 4250 919 4298 ante
952 4241 1054 4297 oculos
1090 4239 1251 4299 habuisset.
1300 4240 1379 4298 Seel-

205 4366 343 4417 mannus,
369 4350 419 4424 qui
444 4368 581 4408 sermone
599 4348 703 4407 Italiae
720 4347 924 4406 meridionalis
948 4347 1030 4405 vocis
1046 4347 1166 4406 Puzzuli
1184 4346 1376 4424 penultimam

204 4464 361 4514 accentum
384 4457 496 4514 habere
519 4465 643 4513 annotat
667 4465 696 4514 et
719 4454 828 4512 filiolus
852 4473 919 4512 cum
943 4455 1034 4515 filleul
1050 4457 1243 4530 Francorum,
1263 4455 1375 4542 aviolus
