3172 5264
686 341 904 395 ..27--

208 522 360 594 Tempore
383 519 463 576 haud
488 518 592 592 procul
617 518 705 575 distat
729 519 829 575 titulus
855 518 925 576 anni
949 520 1010 576 fere
1028 512 1169 594 672l675
1190 517 1234 595 (C.
1253 520 1277 588 Ι,
1296 516 1378 595 584),

208 627 259 686 ubi
282 627 408 702 legimus
432 620 575 684 FELICI
600 636 628 683 et
652 621 788 684 VICVS.

314 735 371 792 lllo
404 733 542 791 milliario
568 733 736 808 Popilliano
761 733 805 809 (C.
832 735 854 802 I,
871 733 943 810 550)
977 767 1007 773 —
1034 733 1177 808 opinione
1212 753 1266 792 sua
1299 752 1379 790 anno

213 863 271 917 134
309 852 377 900 ante
403 843 471 900 Chr.
496 860 526 898 n.
552 838 627 917 (620
652 861 678 899 a.
706 839 746 925 u.)
773 843 871 918 posito
897 842 1041 900 --ualde
1065 843 1195 900 confisus
1219 844 1379 900 Momm-

207 970 317 1009 senus
341 949 349 1006 i
374 949 573 1025 productioris
599 949 745 1024 originem
769 958 853 1024 putat
876 949 1039 1008 arctissime
1065 951 1224 1009 cohaerere
1245 971 1312 1009 cum
1330 971 1379 1009 vo·

207 1058 317 1116 calium
342 1057 555 1134 geminatione.
604 1057 696 1130 Quod
720 1075 758 1115 ne
782 1076 939 1132 ponamus,
964 1058 1115 1115 titulorum
1152 1068 1268 1135 tempus
1293 1059 1395 1117 silen··

207 1167 341 1241 tiumque
364 1135 625 1242 gratiunaticorum
650 1164 824 1239 impediunt.
874 1165 979 1239 Neque
1012 1166 1091 1223 enim
1128 1166 1314 1242 grammatici
1338 1169 1378 1224 la-

208 1274 261 1331 tini
285 1275 343 1332 tale
368 1274 512 1348 quiddam
536 1273 722 1331 tradiderunt
745 1291 843 1347 neque
879 1273 909 1329 in
945 1274 1004 1329 ullo
1028 1274 1124 1342 titulo,
1150 1274 1173 1331 si
1210 1276 1377 1350 exemplum

208 1382 289 1458 quod
315 1401 404 1458 supra
428 1381 597 1440 notavimus
622 1380 796 1456 excipimus,
823 1400 882 1437 uno
908 1391 997 1455 atque
1028 1382 1135 1440 eodem
1171 1393 1306 1457 tempore
1329 1402 1378 1440 vo-

207 1489 287 1547 cales
310 1491 480 1565 geminatae
504 1490 591 1547 simul
616 1508 683 1545 cum
707 1488 803 1546 littera
827 1489 835 1544 i
859 1488 1047 1563 longiuscula
1065 1489 1258 1564 reperiuntur.
1296 1489 1378 1546 Sicut

208 1609 306 1655 autem
330 1598 510 1656 Ritschelius
535 1607 615 1654 recte
639 1596 803 1664 annotavit,
829 1596 971 1671 perfacile
1006 1597 1069 1654 fieri
1107 1597 1212 1673 potuit,
1238 1607 1268 1654 ut
1304 1596 1377 1672 lapis

208 1705 257 1763 ille
281 1706 465 1781 Popillianus
480 1706 580 1762 Sullae
604 1705 665 1762 fere
689 1704 873 1778 temporibus
890 1705 936 1761 vel
961 1715 1066 1779 postea
1091 1705 1127 1762 sit
1144 1705 1302 1763 restitutus.
1328 1708 1377 1763 At-

207 1832 264 1887 que
289 1812 319 1870 id
345 1813 466 1888 quidem
491 1813 601 1869 factum
626 1830 691 1869 esse
715 1813 808 1869 multa
825 1824 998 1886 argumenta
1022 1833 1040 1870 a
1056 1813 1221 1870 Ritschelio
1245 1814 1264 1870 l.
1285 1814 1301 1870 l.
1320 1813 1377 1871 iam

207 1920 342 1978 adhibita
365 1919 525 1976 ostendere
548 1918 695 1977 videntur.
744 1919 835 1993 Igitur
859 1920 917 1977 hoc
941 1938 1032 1977 unum
1057 1920 1228 1995 exemplum
1253 1920 1378 1978 dubium

206 2036 415 2102 praeterquam
440 2026 522 2100 quod
546 2025 682 2083 litterane
706 2026 714 2083 i
739 2026 827 2084 solita
851 2046 889 2083 an
915 2027 977 2084 eius
1003 2027 1098 2084 forma
1133 2027 1307 2102 productior
1341 2028 1378 2085 sit

206 2133 380 2208 saepissime
405 2150 459 2207 pto
485 2144 566 2190 certo
591 2132 731 2190 affirmari
756 2133 868 2207 nequit,
888 2151 942 2208 per
966 2152 997 2192 se
1022 2135 1061 2192 de
1085 2134 1093 2190 i
1117 2136 1226 2210 longae
1243 2145 1377 2209 tempore

206 2241 279 2298 nihil
304 2241 498 2298 demonstrat.

315 2366 511 2441 Quantopere
536 2367 574 2425 ad
599 2367 765 2424 universam
790 2367 850 2425 dei
875 2368 966 2442 longa
990 2368 1196 2442 quaestionem
1220 2368 1298 2425 bene
1321 2370 1377 2425 sol-

205 2474 333 2531 vendam
343 2474 477 2549 optanda
486 2475 522 2532 sit
535 2495 575 2532 ac
584 2494 600 2531 c
610 2494 647 2532 ur
656 2475 822 2532 atissima
834 2475 1042 2549 descriptio
1056 2475 1217 2551 imagoque
1227 2476 1377 2533 titulorum

205 2581 377 2651 litterarum,
392 2582 450 2639 iam
465 2583 712 2640 Ritschelius
728 2582 886 2658 perspexit.
905 2585 974 2658 Ipse
986 2583 1052 2640 talis
1065 2583 1182 2658 generis
1195 2584 1378 2659 exemplaria

204 2689 292 2746 nobis
329 2690 467 2764 praebuit
502 2691 532 2748 in
569 2691 687 2748 Priscae
723 2690 891 2748 Latinitatis
927 2691 1130 2748 Monumentis
1168 2691 1377 2767 Epigraphieis

205 2807 294 2870 atque
341 2798 587 2856 Huebnerns
634 2798 862 2873 inscriptionum
910 2799 1173 2874 palaeographiam
1222 2799 1376 2874 aliquanto

204 2903 299 2979 magis
338 2923 428 2978 quam
467 2906 558 2963 hodie
582 2906 645 2964 lieri
686 2907 780 2964 soleat
813 2905 1034 2980 respiciendam
1074 2925 1139 2964 esse
1178 2918 1257 2964 ratus
1293 2909 1375 2982 operi

204 3011 410 3070 Ritscheliano
450 3013 566 3071 addidit
606 3014 752 3088 Exernpla
790 3013 959 3090 Scripturae
995 3015 1216 3091 Epigraphicae
1251 3015 1376 3073 Latinae

203 3111 236 3193 (a
276 3119 412 3176 Caesaris
458 3120 612 3178 dictatoris
660 3130 754 3178 morte
800 3120 838 3178 ad
877 3129 1005 3178 aetatem
1044 3122 1222 3204 Iustiniani).

311 3227 398 3284 Multi
411 3227 490 3284 enim
504 3227 589 3296 tituli,
605 3229 655 3302 qui
669 3229 765 3285 obiter
784 3227 909 3285 intuenti
923 3227 931 3284 i
944 3229 1064 3304 longam
1079 3230 1219 3288 exhibere
1230 3230 1376 3299 videntur,

204 3345 343 3392 accurate
367 3335 495 3410 inspecti
520 3335 528 3391 i
553 3336 680 3392 litteram
705 3335 806 3410 specie
830 3335 1019 3409 productam,
1037 3355 1154 3394 revera
1179 3355 1249 3394 casu
1274 3337 1376 3411 aliquo

204 3442 327 3516 figuram
353 3441 415 3499 eius
439 3443 603 3516 paullulum
627 3453 772 3499 mutatam
796 3461 861 3500 esse
879 3443 1094 3502 demonstrant.
1132 3445 1221 3502 Velut
1244 3445 1274 3501 in
1289 3441 1375 3503 DIC-

204 3551 364 3608 TATORI
389 3551 432 3624 (C.
460 3554 483 3620 l,
500 3570 514 3627 5
544 3555 572 3629 5)
599 3552 664 3609 aliis
689 3548 895 3627 voealruliS,¹)
921 3550 950 3608 in
986 3553 1094 3626 quibus
1120 3553 1128 3610 i
1152 3554 1243 3628 longa
1278 3553 1376 3612 inesse

203 3657 319 3715 videtur
342 3659 383 3715 nil
407 3660 463 3716 nisi
488 3660 615 3717 litteram
640 3661 648 3716 i
673 3660 791 3716 solitam
816 3660 976 3734 legendam
1001 3679 1065 3718 esse
1089 3661 1151 3719 iure
1186 3671 1289 3719 monet
1314 3661 1375 3719 Rit-

206 3765 344 3823 schelius,
393 3767 441 3824 Ob
467 3787 533 3824 eam
557 3768 653 3842 ipsam
679 3786 740 3824 rem
764 3767 901 3841 quaestio
926 3767 963 3824 de
988 3767 997 3824 i
1020 3769 1130 3842 longae
1153 3769 1182 3825 vi
1207 3789 1242 3826 ac
1272 3778 1376 3826 natura

204 3872 346 3930 habenda
370 3873 512 3948 quoniam
537 3875 599 3932 fieri
624 3893 685 3930 non
711 3883 862 3948 potest-ut
897 3873 972 3932 tituli
1009 3875 1136 3932 universi
1172 3875 1201 3932 in
1237 3877 1374 3933 manibus

204 3979 293 4037 nobis
318 3980 384 4047 sint,
411 3980 597 4055 periculosae
633 3983 753 4056 plenum
780 4000 855 4056 opus
892 3982 976 4039 aleae
1000 3993 1053 4051 est,
1079 4002 1262 4058 quamquam
1287 3984 1375 4041 valde

204 4087 292 4144 nobis
316 4088 482 4146 cavendum
507 4099 560 4157 est,
585 4107 623 4146 ne
647 4088 677 4145 in
702 4089 736 4146 iis
761 4088 915 4163 exemplis
934 4108 1011 4163 quae
1037 4091 1133 4165 primo
1158 4092 1262 4148 obtutu
1286 4091 1375 4148 nobis

313 4420 331 4488 ¹)
351 4425 526 4488 Exemplorum
546 4427 676 4474 dubiorum
697 4444 760 4491 qnae
783 4427 854 4476 lacile
874 4428 957 4490 augeri
984 4436 1088 4492 possunt
1108 4445 1236 4476 numerum
1250 4429 1308 4476 satis
1323 4445 1374 4475 ma-

205 4528 282 4575 gnum
302 4512 371 4562 affert
389 4515 539 4566 Ritschelius
558 4532 583 4580 p.
606 4516 658 4579 364
677 4533 732 4581 sqq.
858 4509 861 4515 ’
